4776 6024
1020 1255 1276 1346 loeo.

124 1579 335 1714 Q
987 1582 1019 1650 1.
1032 1578 1097 1649 im.
1262 1573 1316 1648 De
1331 1572 1477 1661 studiis,
1501 1595 1540 1645 ea
1559 1595 1650 1668 qiiae
1670 1595 1786 1668 nuper
1804 1576 1850 1647 ed
1869 1588 1904 1647 te
1926 1578 2069 1671 scripsi,
2096 1578 2153 1655 iu-

975 1676 1109 1708 W‘
1165 1676 1261 1748 dicio
1285 1674 1523 1771 praeceptoris
1546 1674 1725 1769 permitto.
1781 1675 1854 1749 Sed
1876 1672 2012 1752 hortari
2035 1695 2154 1755 tamen

239 1779 411 1870 Ioanni
438 1774 679 1864 Friders'co
707 1774 833 1861 Deci
865 1771 996 1863 Pom.
1164 1802 1239 1849 non
1261 1779 1436 1865 desinam,
1466 1789 1506 1849 ut
1527 1777 1573 1848 ad
1598 1775 1786 1848 lectionem
1808 1779 1991 1851 doctrinae
2011 1783 2155 1857 divinae

1164 1881 1334 1970 adiungas
1360 1875 1544 1950 historias:
1579 1878 1675 1970 quod
1699 1891 1734 1948 et
1755 1900 1842 1949 evus
1865 1892 1948 1951 tuus
1972 1897 2155 1957 maternus

188 1972 288 2032 mantii
306 1974 405 2044 imo
424 1991 452 2046 e·
468 1970 519 2026 ¹⁷²
531 1980 591 2043 ⁸tt·
1162 1982 1323 2051 iaciebat.
1373 1975 1423 2050 Et
1437 1979 1582 2048 luerunt
1597 1978 1692 2069 apud
1707 1975 1910 2051 Palatinum
1925 1974 2156 2081 Philippum,

1164 2084 1316 2151 abavum
1339 2093 1460 2164 tuum,
1485 2077 1684 2170 principem
1709 2079 1881 2171 sapientia
1899 2096 1933 2153 et
1950 2084 2081 2156 virtute
2095 2111 2154 2159 ex-

1165 2182 1369 2267 cellentem,
1406 2183 1530 2252 eodem
1562 2193 1723 2270 tempore
1746 2181 1817 2251 viri
1846 2184 1940 2253 docti
1972 2186 2011 2256 in
2032 2186 2154 2280 lingua

1165 2282 1309 2369 Latina,
1336 2280 1490 2369 Graeca,
1515 2295 1551 2352 et
1568 2280 1604 2350 in
1621 2280 1793 2352 doctrinis
1812 2307 1904 2379 quae
1919 2299 2069 2381 utraque
2083 2290 2155 2360 lin·

1166 2409 1232 2476 gua
1260 2385 1410 2456 traditae
1433 2397 1537 2469 sunt,
1559 2374 1756 2480 liudolfus
1770 2378 1966 2478 Agricola,
1992 2384 2157 2462 Ioanrm

418 2581 427 2599 .
468 2580 477 2597 .
601 2578 609 2594 ⁰
945 2574 955 2594 ·
1085 2572 1096 2591 ι
1166 2481 1333 2583 Copnio:
1370 2499 1406 2556 et
1431 2485 1618 2582 episcopus
1643 2479 1684 2557 V
1681 2483 1905 2577 angiorum,
1935 2489 1992 2560 vir
2013 2492 2158 2581 nobilis,

121 2573 172 2665 Β·
196 2582 242 2656 D·
294 2582 536 2655 lliuslrtwme
549 2577 734 2669 Pr¹¹¹t²t¹⁸¹
766 2573 849 2646 N⁰¹¹
868 2574 995 2646 d⁰b¹i⁰
1013 2574 1116 2644 ⁰²¹⁸1·
1166 2587 1414 2672 cancellarius,
1454 2582 1618 2656 Ioannes
1647 2578 1903 2679 Dolburgius.
1965 2588 2042 2661 Hos
2074 2618 2156 2663 cum

122 2688 286 2762 tudinem
308 2701 405 2758 tuam
426 2684 465 2752 in
481 2676 538 2750 his
560 2680 657 2751 feriis
674 2676 785 2748 multa
800 2676 968 2767 cogitasse
984 2678 1030 2746 de
1047 2674 1133 2744 mi·-
1167 2713 1270 2781 ,pepe
1299 2687 1439 2761 ,adim
1462 2685 1632 2780 Princeps
1663 2687 1791 2757 ordine
1814 2689 2001 2763 mitam„
2029 2695 2156 2765 mim

122 2793 237 2864 raudo
251 2789 403 2870 foedere,
426 2785 522 2879 quod
539 2782 622 2853 fecit
635 2780 733 2854 Deus
747 2779 785 2849 in
802 2802 930 2869 genere
948 2772 1117 2862 humano,
1168 2784 1903 2877 regnommChaldmmm„Pem1-um,
1937 2789 2158 2866 Gmcorum

125 2917 206 2971 cum
230 2890 343 2960 fllium
361 2883 431 2961 τὸν
455 2879 568 2984 λόγον
588 2883 703 3001 misit,
739 2895 787 3001 ¹¹¹·
803 2879 1117 2999 m³³⁸³¹¹¹08011055⁸
1167 2907 1203 2964 et
1221 2890 1469 2964 Romanomm
1492 2913 1548 2960 res
1569 2903 1682 2980 gestas
1704 2902 1740 2961 et
1760 2902 1920 2982 tempora
1940 2894 2160 2967 distribuen-

125 2994 238 3066 nostri
258 2993 432 3062 indueret.
482 2990 575 3061 Sunt
596 3007 746 3056 omnino
759 3005 859 3074 signe
872 2982 1118 3074 providentiae
1168 3007 1237 3064 tea:
1262 2993 1391 3085 petivit
1406 2992 1475 3063 gibi
1492 2992 1538 3062 ab
1551 2991 1784 3082 circumponi
1798 2986 1988 3084 Epitomen
2008 2996 2160 3069 Monet.

126 3096 268 3169 divinae
289 3093 417 3164 multa:
452 3092 513 3160 sed
535 3089 676 3159 nullum
690 3099 743 3156 cst
764 3085 938 3156 illustrius
959 3083 1118 3155 testimo-
1169 3092 1349 3181 chiarum,
1387 3108 1422 3165 et
1444 3092 1575 3165 Mundi
1608 3087 1794 3164 historiam
1822 3094 1950 3167 ordine
1980 3098 2160 3175 distribui.
2279 3096 2285 3107 '

126 3201 230 3270 nium
243 3196 374 3268 amoris
391 3193 504 3264 divini
523 3215 602 3282 erga
624 3212 710 3273 nos,
734 3182 800 3258 hac
821 3187 984 3257 miranda
1007 3208 1119 3278 copu·
1171 3195 1210 3267 Μ
1236 3221 1326 3289 (ψῃ.
1347 3220 1388 3267 02
1410 3193 1558 3267 Graeci,
1577 3208 1613 3267 οι
1635 3192 1773 3266 Latini,
1797 3194 2030 3290 scriptoribug
2053 3200 2160 3273 00119.

127 3302 260 3374 latione
285 3298 428 3368 divinae
449 3309 482 3364 et
506 3287 683 3363 humanae
706 3303 868 3360 naturae:
895 3312 935 3358 ac
957 3308 1120 3358 necesss-
1170 3316 1284 3382 cmm,
1316 3298 1553 3388 gratissimum
1574 3296 1644 3365 fuit
1663 3296 1776 3367 abavo
1799 3309 1873 3370 tuo.
1924 3296 2051 3371 Simile
2071 3325 2161 3395 opus

128 3406 223 3474 rium
240 3400 397 3470 officium
420 3408 472 3465 est
487 3396 531 3462 de
546 3393 660 3461 causis
684 3391 740 3481 pie
756 3401 792 3458 et
806 3404 1008 3457 reverenter
1024 3386 1121 3474 cosi·
1170 3400 1210 3467 in
1227 3387 1413 3467 Chronico
1434 3385 1615 3466 Curionis
1637 3396 1839 3467 institutum
1859 3412 1928 3471 est:
1955 3401 2015 3470 sed
2033 3402 2161 3473 veliem

129 3521 225 3584 tare,
249 3497 438 3588 dequibus
455 3517 527 3561 non
543 3493 669 3560 dubito
686 3504 720 3557 te
740 3488 864 3558 audire
887 3487 1121 3577 {troetttssorit
1170 3495 1349 3568 Curionis
1372 3498 1535 3566 libeiium
1566 3496 1750 3587 eliquanto
1779 3495 2048 3589 locupletiorem
2077 3526 2161 3578 csse.

131 3594 506 3677 commonefactiones,
546 3604 704 3680 sumptas
735 3612 778 3656 cx
811 3587 905 3656 veris
939 3586 1121 3656 doctrinae
1172 3598 1213 3669 ht
1228 3598 1305 3667 fieri
1324 3604 1583 3688 apraece'ptore
1598 3609 1660 3665 tuo
1678 3597 1811 3687 optime
1831 3613 1965 3687 posset,
1990 3618 2052 3673 aut
2068 3616 2177 3685 certe¹

147 2129 416 2205 Illustrissimo
447 2121 617 2223 Principii
658 2135 690 2196 et
724 2120 892 2209 domino,
938 2117 1088 2193 domino

148 2231 328 2308 Ioanni
356 2226 401 2304 F
404 2225 626 2313 riderico,
669 2223 823 2298 Stellini
852 2231 885 2295 as
911 2216 1090 2293 Pomero·

147 2331 358 2421 sinedoci,
390 2343 452 2408 etc.
478 2325 630 2424 Regiae
659 2325 841 2426 principi,
876 2332 908 2395 el
939 2319 1089 2396 domino

173 2428 399 2536 Caycorum,
426 2442 488 2510 etc.
516 2427 666 2503 domino
690 2451 760 2500 suo
785 2422 1064 2498 clementissimo

132 3701 275 3773 divinae
301 3695 472 3811 sontibus.
528 3690 635 3761 Mitto
663 3703 781 3807 tamen
815 3701 852 3758 ct
876 3708 940 3777 epo
968 3686 1121 3804 pagellas
1171 3726 1191 3771 a
1218 3694 1357 3769 Iacobo
1375 3690 1551 3790 Rungio,
1575 3694 1676 3767 cuius
1697 3696 1812 3767 oratio
1830 3699 1936 3771 refert
1954 3701 2163 3792 elegantiam

130 3804 254 3874 cadem
277 3802 321 3870 de
344 3821 383 3867 re
405 3808 563 3886 scriptas.
618 3789 668 3862 Et
688 3814 773 3883 qum
798 3800 892 3859 reete
919 3788 1121 3857 institutum
1173 3816 1207 3872 ,p
1227 3800 1383 3871 „itm-,m
1407 3794 1675 3871 [ufficstmpp
1727 3794 1826 3868 Bene
1848 3812 1883 3873 et
1904 3802 2055 3874 feliciter
2075 3806 2165 3893 vale,

132 3917 196 3989 eti,
217 3916 258 3973 1¹1
271 3923 406 3971 annum
425 3892 633 3968 lssch⁰0¹¹¹¹¹⁸
647 3893 693 3965 ὦ
708 3886 1122 3963 Ῑὶὸΰωωῐΰθωθῑθῧῡῦθ
1173 3901 1410 3974 illustrissime
1430 3898 1610 3994 Princeps.
1659 3897 1828 3972 Calendis
1852 3898 2029 3992 ianuarii,
2053 3904 2163 3979 Anno

132 4004 315 4100 praecipui
339 4000 456 4094 operis
471 3995 602 4069 divini:
629 4018 695 4067 nos
711 4016 854 4089 quoque
871 3992 1063 4082 cogitantes
1079 3991 1124 4059 de
1177 4000 1287 4080 1555,
2008 3982 2011 3987 ’

132 4105 202 4180 hoc
233 4102 435 4175 testimonio
469 4098 584 4171 divini
618 4094 749 4169 amoris
781 4117 863 4189 erge
887 4117 973 4181 nos,
1006 4092 1123 4186 ipsum

132 4210 248 4281 filium
270 4203 339 4276 Dei
363 4205 544 4273 custodem
565 4197 745 4272 Ecclesiae
769 4220 974 4291 precemur,
1006 4207 1048 4266 ut
1070 4195 1125 4263 ia·
1183 4218 1196 4228 ·

134 4313 222 4393 ciat,
246 4321 285 4378 ut
307 4304 353 4374 sit
374 4304 460 4373 felir
485 4302 571 4372 anni
592 4300 809 4372 curriculum
829 4299 934 4370 nobis
947 4297 1126 4369 omnibus.

134 4410 215 4485 Oro
241 4407 349 4498 igitur
369 4406 504 4496 ipsum,
533 4416 575 4472 ut
595 4416 631 4473 et
653 4397 722 4471 hoc
749 4424 846 4470 anno
868 4396 1126 4471 celsitudinem
1177 4352 1373 4483 Q·
2026 4360 2165 4485 Q

136 4528 233 4585 tuam
250 4525 283 4580 et
304 4505 562 4576 illustrissimos
579 4516 759 4596 parentes,
782 4502 908 4573 iratres
930 4514 965 4571 et
988 4520 1126 4570 sorores
1473 4536 1526 4628 α.
1555 4534 1882 4628 Rumam&

138 4627 252 4687 servet
270 4609 476 4681 incolumes.

1282 4699 1384 4757 Manlii
1400 4698 1501 4771 lecese.
1517 4718 1546 4773 p.
1557 4696 1610 4755 til
1621 4715 1663 4771 sq.

239 4807 376 4881 Munus
390 4805 494 4876 ctiam
508 4815 608 4871 tuum
623 4799 691 4870 init
708 4822 751 4870 eo
768 4794 858 4870 mihi
876 4799 1020 4892 gratius,
1044 4798 1129 4892 quia

138 4917 178 4987 in
199 4912 284 4984 anni
310 4907 414 4978 initio
437 4902 635 4976 exhibitum
662 4914 727 4972 est:
754 4903 815 4971 sed
836 4902 998 4996 symbolo
1019 4899 1129 4990 signi-

138 5016 237 5086 ficari
252 5035 344 5083 nova
361 5007 553 5080 certamina
569 5003 701 5088 iudico,
723 5001 762 5071 in
778 5004 907 5095 quibus
923 5002 1028 5071 nobis
1041 5024 1131 5091 opus

141 5119 212 5191 erit
234 5117 296 5185 ilia
318 5111 487 5200 anguium
505 5105 837 5198 circumspectione,
863 5106 907 5173 de
922 5126 992 5195 qua
1012 5101 1132 5194 loqui-

139 5234 200 5290 tur
212 5218 306 5288 lilius
318 5213 397 5299 Dei,
423 5237 503 5282 cum
519 5209 618 5279 iubet
633 5205 858 5300 prudentiam
873 5214 1077 5296 serpentum
1093 5201 1133 5271 in
1185 5193 1399 5274 Reverende
1422 5202 1497 5286 vir,
1524 5212 1560 5271 et
1580 5194 1785 5271 charissime
1808 5200 1934 5271 irater:
1960 5199 2065 5273 Scitis
2087 5204 2176 5274 scri-

142 5320 294 5410 tegendo
314 5316 427 5408 capite
442 5310 586 5385 imitari.
1188 5323 1287 5400 ptum
1310 5326 1401 5392 esse,
1421 5300 1553 5375 Beatus
1574 5302 1639 5441 qpi
1657 5300 1824 5393 intelligit
1845 5324 1952 5393 super
1973 5322 2124 5391 menum
2140 5319 2178 5377 ct
2225 5340 2257 5363 η
2320 5332 2328 5343 ·

1179 4850 1393 4927 Reverendo
1408 4850 1499 4940 ciro,
1524 4862 1586 4924 eto.
1606 4846 1660 4924 D.
1687 4845 1910 4945 Georgio,
1933 4854 2082 4950 pastori
2093 4851 2170 4929 Ec·

1180 4956 1311 5029 clasiae
1335 4953 1416 5027 Dei
1436 4958 1476 5026 in
1501 4952 1588 5025 urbe
1612 4949 1769 5068 Arsino,
1792 4950 1922 5050 fratri
1941 4978 2009 5027 suo
2027 4950 2172 5029 charis-

1623 5074 1729 5127 simo.
