4776 6024
167 210 216 283 ts

173 393 318 471 propter
344 400 431 470 quas
449 373 544 445 Deus
574 372 689 444 voluit
709 395 823 442 annos
844 371 1010 448 discerni.
1069 332 1158 441 Vffl

174 480 256 551 sciri
279 479 379 548 initia
394 476 535 559 mundi,
561 476 638 545 vult
653 475 888 559 considerari,
913 497 1004 567 quae
1018 470 1065 542 sit
1083 472 1158 564 pri-

175 606 233 651 ma
247 579 423 661 doctrina,
448 577 578 669 quibus
594 575 803 645 testimoniis
818 576 911 645 edita
927 574 992 658 sit,
1013 574 1158 667 quando

175 679 379 752 accesserint
402 678 640 768 corruptelae,
673 678 851 771 quomodo
879 676 1051 746 iudicatae
1076 674 1159 753 sint,

175 804 264 874 quae
279 778 385 848 fuerit
400 779 518 848 lutura
534 779 640 847 series
647 772 952 861 monarchiarum,
968 772 1160 845 cuiusMo-

97 936 100 941 .
173 876 340 950 narchiae
360 893 519 969 tempore
533 875 697 949 Christus
719 879 991 948 concionaturus
1003 871 1032 971 ³)
1052 874 1161 945 luerit

174 980 212 1051 in
226 969 349 1065 carne,
376 1004 464 1072 quae
486 981 556 1048 sint
571 980 682 1070 spatia
703 1003 879 1048 annorum
900 977 1027 1048 mundi
1048 974 1158 1069 usque

173 1084 217 1151 ad
235 1096 446 1172 postremam
458 1093 620 1164 aetatem,
646 1083 689 1150 de
705 1080 834 1173 quibus
848 1078 939 1148 dixit
951 1075 1065 1147 Elias:
1091 1096 1159 1145 ses·

172 1178 300 1251 millia
331 1204 513 1250 annorum
540 1187 644 1249 cruat
673 1178 771 1249 anni
792 1172 953 1258 Mundi,
985 1186 1110 1273 postea
1128 1174 1160 1272 ⁴)

174 1280 426 1380 conflagratio.
483 1277 577 1350 Duo
592 1266 729 1352 'millia
760 1279 892 1362 iaaac,
932 1274 1006 1348 duo
1033 1273 1160 1348 millia

174 1380 255 1467 tex,
281 1379 354 1453 duo
369 1379 494 1452 millia
519 1376 788 1457 diesMcssiaa.
837 1376 893 1450 Et
912 1387 1059 1476 propter
1079 1401 1161 1475 pec-

174 1492 259 1553 cata
283 1494 428 1566 nostra,
462 1504 557 1579 qaae
580 1479 701 1554 multa
721 1490 827 1569 sant,
859 1477 1008 1551 deerant
1031 1500 1077 1550 cx
1099 1472 1161 1549 his

89 1634 93 1641 -
174 1581 271 1653 artati
277 1582 324 1683 ⁸),
345 1583 412 1684 qai
424 1579 582 1660 deerant.

275 1780 412 1852 Harum
428 1782 660 1852 maximarum
676 1805 796 1851 rerum
812 1778 1047 1850 consideratio
1062 1779 1161 1848 ncilla

172 1903 265 1967 esse,
290 1883 445 1975 denique
465 1884 564 1952 nulla
593 1884 700 1953 series
726 1875 956 1950 historiarum
980 1879 1161 1948 observari

173 2006 331 2077 unquam
352 1983 521 2075 potuisset
543 1999 603 2054 aut
621 1997 761 2076 posset,¹
788 1982 858 2050 nisi
884 1981 973 2050 ratio
996 1982 1083 2049 anni
1107 2003 1162 2049 es-

173 2098 224 2155 set
239 2080 280 2179 6).
330 2083 409 2155 Hoc
432 2086 543 2174 igitur
565 2086 719 2155 officium
735 2083 847 2176 aliqui
865 2081 1040 2170 ingeniosi
1059 2105 1162 2173 prae-

172 2199 265 2256 stent
283 2181 476 2265 Ecclesiae,
498 2199 538 2254 ut
560 2180 686 2255 harum
704 2186 833 2254 artium
857 2183 1054 2253 doctrinam
1075 2207 1162 2252 con-

174 2299 333 2369 servent,
375 2309 464 2378 quae
496 2281 586 2380 ad⁷)
620 2286 707 2355 anni
739 2285 913 2354 rationem
949 2283 1161 2351 necessariae

172 2398 266 2458 sunt.
316 2383 390 2455 Nec
407 2386 525 2455 sinant
540 2408 575 2454 se
591 2388 636 2455 ab
651 2383 716 2456 hac
731 2380 900 2476 optima⁸)
918 2384 1079 2453 doctrina
1094 2384 1159 2452 ab·

173 2486 254 2554 duci
278 2485 323 2555 ab
343 2485 386 2555 iis
401 2480 456 2578 ⁹),
484 2487 545 2579 qui
570 2487 699 2576 partim
723 2486 881 2569 inscitia,
913 2485 1040 2574 partim
1062 2508 1160 2553 mera

173 2585 311 2656 malicia
335 2600 369 2658 et
389 2600 509 2656 contra
532 2587 781 2658 conscientiam
799 2587 949 2676 optimas
967 2600 1057 2655 artes
1072 2587 1160 2654 alla-

172 2699 277 2756 trant.
327 2685 392 2757 Est
412 2702 527 2756 autem
537 2706 555 2771 ,·
574 2703 613 2759 ut
626 2688 726 2759 Plato
741 2686 848 2766 dixit,
875 2687 981 2755 ianua
1006 2700 1160 2756 caetera·

172 2810 253 2856 rum
271 2788 400 2859 artium
421 2782 673 2863 arithemetica.

272 2976 362 3048 Eam
377 2977 537 3073 artem¹⁰)
552 2982 725 3053 foeliciter
740 2984 866 3053 docere
880 2993 995 3072 potest
1011 2977 1041 3049 Ι
1039 2974 1160 3049 ohaa-

77 3090 83 3101 '
173 3099 237 3146 aas
258 3071 444 3165 Piscator,
470 3096 663 3153 monstrata
684 3082 740 3150 via
761 3082 925 3152 breviore
946 3093 979 3150 et
1001 3082 1160 3151 faciliore

173 3178 211 3247 in
229 3179 484 3267 divisionibus,
510 3206 616 3274 quam
630 3196 682 3254 est
694 3182 833 3257 usitata.
884 3180 952 3252 Hic
967 3174 1159 3251 Iohannes

173 3303 249 3349 cras
265 3274 352 3350 hora
368 3283 574 3352 duodecima
593 3285 631 3352 in
647 3280 838 3370 Auditorio
855 3280 1077 3353 Medicorum
1103 3284 1160 3351 in-

173 3375 316 3451 choabit
333 3384 514 3464 libellum,
541 3385 641 3455 cuius
657 3398 691 3454 et
711 3384 787 3475 ipse
802 3385 960 3473 exempla
974 3386 1097 3455 vendit
1113 3381 1160 3480 ¹¹),

173 3505 279 3572 quem
312 3508 432 3554 recens
466 3484 601 3555 erudite
631 3484 804 3577 ,scriptum
832 3485 955 3554 edidit.
1014 3480 1158 3555 Adhor-

174 3594 231 3650 tor
244 3607 325 3672 ergo
344 3581 388 3681 ¹²)
411 3586 606 3671 studiosos,
631 3598 671 3657 ut
694 3585 768 3656 eius
784 3587 948 3656 exercitia
963 3580 1002 3677 ¹³)
1025 3610 1155 3676 cogno·

85 3736 102 3745 .,
174 3697 272 3754 scant
286 3682 340 3780 ¹⁸).

184 3867 405 3883 -———-

206 3986 235 4053 8)
253 3985 321 4041 seh.
336 3985 419 4042 alters
433 3991 620 4043 concionatus.

207 4085 237 4152 8)
256 4084 319 4140 Sela.
330 4087 376 4141 alt.
389 4096 416 4138 et
424 4096 531 4150 pastea.

208 4188 236 4252 ὁ)
254 4185 319 4241 Seh.
331 4190 377 4240 stt.
393 4188 494 4252 annis,
513 4187 651 4242 mendose.

209 4285 240 4353 6)
256 4284 319 4340 sch.
330 4284 379 4340 alt.
391 4284 449 4339 arbi
459 4287 614 4339 amiralio
629 4294 700 4339 nata
711 4270 791 4341 esset.

207 4388 235 4457 7)
254 4385 319 4443 Sela.
337 4388 384 4442 stt.
398 4389 438 4441 ad
448 4387 695 4440 considerandam.

208 4488 238 4555 8)
256 4491 375 4558 apstine]
392 4490 466 4545 sbest
480 4507 495 4544 s
509 4486 573 4543 Sch.
587 4487 680 4543 alters.

125 4648 128 4655 ,
210 4587 240 4655 9)
258 4590 294 4641 ab
309 4589 355 4655 iis]
375 4588 437 4644 Scb.
449 4588 496 4643 alt.
514 4591 685 4643 clamoribus
698 4607 805 4645 eorara·
850 4648 854 4655 ,

211 4691 254 4757 10)
274 4688 339 4744 seh.
352 4689 401 4746 alt.
412 4692 608 4753 arithmetica,
626 4701 653 4742 et
669 4708 733 4743 sata
747 4701 847 4745 artent.

211 4796 253 4859 11)
272 4790 336 4846 Sch.
351 4793 397 4847 slt.
412 4795 519 4848 vendet.

212 4896 257 4963 11)
276 4900 356 4960 erga]
374 4894 436 4950 Scb.
449 4896 494 4950 slt.
511 4903 619 4949 autem.
1119 4946 1122 4953 .

212 4994 257 5063 18)
275 4997 334 5049 cias
349 4997 499 5059 exercitiis]
517 4995 580 5051 Sel.
595 4995 639 5049 alt.
656 4995 737 5048 butus
750 4993 882 5049 Iohannis
894 4997 1008 5050 erudita
1020 4998 1163 5053 exeratis.

212 5099 259 5167 li)
278 5097 339 5153 Sch.
353 5099 397 5153 alt.
411 5098 498 5151 addit:
522 5099 599 5152 Bene
611 5101 675 5152 vate
690 5096 797 5151 Lector.

797 5169 940 5232 Phiiippus
957 5166 1128 5225 Melanthea.

736 196 1174 277 aelsTOLAtttJM
1226 203 1446 286 ntaxtt.
1498 205 1630 290 1858.

1161 4552 1164 4557 Ι
1211 4463 1422 4542 Reverendo
1451 4477 1529 4546 vira
1558 4485 1590 4546 st
1619 4480 1730 4552 virtut

1211 4562 1249 4639 L
1253 4569 1339 4666 yda*
1344 4566 1585 4669 affipastari
1597 4505 1748 4652 Ecclesi

1389 4670 1537 4763 Bremi,
1554 4678 1764 4777 frattislso
1778 4676 2011 4776 'charissima

1034 4826 1063 4857 '·
1146 4910 1149 4916 Ι
1212 4803 1259 4891 S.
1285 4815 1329 4891 D.
1380 4816 2065 4923 noverasuaviretebsaisstmetrater,
2086 4809 2199 4911 «de-

1212 4921 1283 4993 beo.
1304 4915 1470 5023 ⁶¹...h2b09
1489 4926 1617 5023 gratia?
1632 4927 1780 5029 Senatui
1803 4949 1949 5025 vestro„
1963 4961 2028 5031 pro
2041 4940 2200 5021 benevo-

1211 5018 1321 5091 lentia
1341 5021 1620 5110 ergd‘tde't'l'uni
1644 5026 1736 5102 vtra'
1751 5018 1944 5126 etiam²pro
1966 5038 2198 5116 vino'mlsso:

2146 193 2198 299 ae

2065 392 2198 461 aaa

2068 486 2200 513 Μ·

1219 372 1287 447 No.
1304 371 1419 453 6880.

1214 469 1426 513 Μ
1478 474 1491 491 .

1436 557 1634 649 Atbcrta
1660 563 1787 652 Dstct'
1815 565 1968 660 Prusa.

1274 732 1353 792 Edita
1365 753 1380 790 s
1394 734 1484 793 fabro
1495 735 1526 791 in
1538 736 1615 812 epist.
1633 759 1660 812 p.
1673 736 1723 796 198
1735 760 1777 814 sq.
1793 762 1838 819 sp.
1849 742 1893 802 57.

1421 887 1632 984 Albano,
1653 893 1760 970 Daci
1776 897 1984 977 Berassias

1209 1020 1256 1110 S.
1282 1032 1327 1107 D.
1385 1037 1626 1113 illustrissime
1655 1058 1691 1116 et
1717 1046 1989 1123 clementissime
2015 1050 2200 1150 Princeps.

1209 1135 1339 1229 Accepi
1362 1138 1482 1210 literas
1497 1138 1728 1216 Celsitudinis
1746 1166 1880 1223 vestrae
1904 1155 2095 1229 clementer
2111 1159 2200 1228 scri-

1210 1252 1285 1329 ptas
1300 1240 1343 1309 de
1360 1240 1607 1315 benevolentia
1622 1243 1853 1321 Celsitudinis
1870 1268 2005 1325 vestrae
2027 1280 2109 1346 erga
2133 1284 2201 1347 me,

1209 1343 1252 1410 de
1268 1362 1337 1433 qua
1350 1338 1566 1415 Celsitudini
1580 1360 1714 1419 vestrae
1736 1367 1938 1425 reverenter
1963 1371 1999 1427 et
2025 1351 2139 1429 habeo
2164 1372 2200 1432 et

1210 1440 1321 1510 debeo
1342 1440 1500 1530 gratiam.
1551 1441 1660 1539 Apud
1682 1446 1836 1522 Dionem
1859 1467 1950 1526 extat
1972 1456 2127 1529 laudatio
2151 1462 2198 1532 de

1211 1540 1425 1633 imperatore
1441 1541 1564 1615 Marco
1575 1541 1746 1626 Antonio.
1796 1551 1892 1641 Fuit,
1912 1556 2041 1650 inquit,
2060 1558 2196 1643 bonus,

1210 1655 1245 1712 et
1266 1645 1396 1713 mansit
1424 1645 1492 1715 sibi
1529 1647 1665 1724 similis.
1717 1650 1840 1723 Talem
1865 1680 1945 1727 cum
1973 1658 2097 1729 scirem
2123 1684 2198 1733 esse

1209 1740 1466 1814 Celsitudinem
1491 1761 1660 1835 vestram,
1686 1763 1721 1823 et
1744 1778 1885 1825 manere
1900 1758 1968 1828 sibi
1991 1759 2141 1830 similem
2157 1760 2198 1831 in

1210 1845 1386 1930 bonitate,
1416 1849 1554 1936 speravi
1578 1850 1859 1924 benevolentiam
1881 1856 2113 1931 Celsitudinis
2135 1886 2199 1932 ve-

1211 1957 1302 2012 strae
1324 1967 1403 2034 erga
1421 1970 1480 2015 me
1501 1972 1576 2018 non
1591 1952 1768 2043 extingui,
1793 1961 1998 2047 praesertim
2015 1985 2094 2031 curn
2112 1962 2200 2033 sciat

1210 2042 1392 2115 Celsitudo
1410 2062 1522 2118 vestra
1538 2072 1596 2119 me
1608 2049 1648 2120 in
1667 2046 1735 2123 hac
1754 2058 1995 2129 mediocritate
2016 2062 2199 2133 doctrinae

1209 2147 1346 2234 magnis
1364 2148 1545 2218 laboribus
1559 2146 1737 2224 Ecclesiae
1753 2157 1922 2245 serviisse,
1943 2174 1977 2231 et
1991 2158 2108 2233 adhuc
2121 2186 2199 2233 ser-

1210 2248 1308 2332 vire,
1332 2260 1367 2316 et
1389 2270 1525 2339 semper
1539 2275 1602 2321 oro
1626 2251 1738 2325 lilium
1751 2253 1819 2326 Dei
1835 2260 2020 2331 dominum
2035 2276 2197 2334 nostrum

1211 2344 1326 2417 lesum
1334 2340 1530 2435 Christum,
1543 2364 1584 2420 ut
1597 2374 1654 2423 me
1665 2354 1772 2429 iaciat
1788 2382 1850 2428 vas
1857 2358 2135 2445 Misericordiae,
2161 2374 2198 2435 et

1211 2471 1285 2517 non
1310 2449 1401 2541 sinat
1418 2473 1473 2518 me
1490 2451 1566 2520 lieri
1579 2472 1641 2523 vas
1661 2454 1747 2527 irae.
1795 2456 1849 2531 De
1871 2461 1987 2534 initiis
2002 2464 2199 2535 discordio-

1211 2572 1292 2619 sum
1310 2548 1389 2620 istic
1402 2544 1497 2619 nihil
1512 2553 1675 2629 scribam.
1725 2554 1780 2629 De
1794 2583 1833 2629 re
1850 2562 1926 2652 ipsa
1941 2565 2027 2659 quid
2046 2566 2199 2639 sentiam

1211 2663 1302 2719 extat
1325 2673 1402 2719 mea
1422 2653 1602 2723 moderata
1621 2669 1657 2737 et
1671 2657 1729 2749 pia
1751 2663 1952 2753 responsio,
1980 2666 2026 2737 de
2039 2689 2109 2758 qua
2122 2661 2197 2735 Ec-

1211 2751 1334 2820 clesiae
1351 2753 1515 2840 permitto
1532 2755 1716 2833 iudicium.
1767 2758 1847 2832 Oro
1868 2777 1984 2835 autem
2000 2765 2112 2835 lilium
2126 2763 2197 2835 Dei

1211 2850 1396 2919 dominum
1421 2867 1582 2923 nostrum
1615 2854 1729 2929 lesum
1750 2857 1953 2951 Christum,
1992 2864 2198 2938 crucifixum

1211 2974 1276 3041 pro
1301 2951 1406 3019 nobis
1430 2965 1466 3023 et
1481 2956 1746 3047 resuoeitatum,
1771 2986 1811 3033 ac
1832 2988 1915 3036 vere
1936 2980 2145 3057 regnantem
2158 2965 2200 3036 in

1210 3051 1436 3123 credentibus
1456 3068 1490 3126 et
1514 3055 1763 3132 invocantibus
1783 3065 1917 3156 ipsum,
1940 3081 1985 3139 ut·
2006 3066 2201 3139 Celsitudi-

1209 3174 1293 3221 nem
1314 3165 1467 3223 vestram
1489 3156 1681 3245 gubernet,
1706 3177 1740 3232 et
1757 3166 1820 3235 diu
1837 3182 1951 3239 servet
1972 3169 2200 3252 incolumem,

1209 3266 1245 3323 et
1256 3266 1356 3324 sanet
1373 3254 1521 3325 vulnera
1543 3270 1677 3336 nostra.
1727 3261 1838 3336 Datae
1854 3269 1911 3339 die
1923 3268 1961 3341 4.
1977 3268 2068 3340 Maii
2085 3264 2198 3343 taba.

1490 3366 1703 3448 Celsitudini
1723 3394 1859 3454 vestrae

1863 3488 2024 3558 addictus

1712 3576 1901 3679 Philippus
1923 3582 2147 3697 Melanthos.
2174 3684 2178 3693 Ι

1743 3816 2200 3843 mnu-*ht*

1222 3957 1289 4034 No.
1314 3957 1429 4037 8881.

1219 4052 1428 4095 Μ

2055 3986 2201 4109 Q

1558 4150 1670 4267 Cpit.
1686 4157 1848 4261 Libia.

1313 4316 1400 4375 Mani.
1418 4320 1518 4395 lsrrsp.
1535 4342 1563 4398 p.
1576 4327 1625 4381 211
1644 4347 1685 4399 sq.

1776 4487 2006 4580 praestanti,
2046 4484 2197 4565 domina
2234 4548 2237 4555 -

1742 4606 1786 4653 as
1801 4581 1881 4655 Da·
1891 4585 1929 4655 ia
1948 4586 2091 4685 inclytis
2108 4592 2199 4666 ut'dt

1245 5320 1278 5387 a)
1296 5317 1418 5394 umen,
1432 5326 1508 5394 quaa
1520 5326 1718 5391 normate
1736 5329 1927 5409 samace.
1941 5335 2131 5419 maassiae.
2158 5392 2162 5401 .
2200 5298 2203 5303 ¹
