4776 6024
172 269 250 349 ets
738 262 1173 351 ttetsrotettuu
1225 270 1331 353 tte.
1362 270 1450 354 ΧΠ.
1499 268 1619 351 1566
1670 384 1673 388 .
1869 272 1873 277 ’
2134 270 2226 357 ὀᾶ).

173 531 220 601 de
247 551 356 619 usque
378 530 424 596 ab
444 529 567 612 initio,
594 529 707 596 donec
723 525 878 597 Ecclesia
902 528 939 595 iu
962 522 1027 595 hac
1045 523 1165 596 horni-
1216 553 1281 600 nec
1312 530 1507 599 ambitione
1534 535 1576 598 de
1600 545 1720 601 nostra
1741 531 1852 620 gloria
1878 529 2103 612 dimicemus,
2140 555 2204 598 nec

170 654 261 703 num
279 629 486 698 infirmitate
503 629 700 718 colligitur,
729 629 765 696 iu
784 629 847 697 illo
867 653 996 697 arcano
1014 629 1164 697 consilio
1217 633 1489 716 obtrectatione,
1523 657 1588 703 nec
1610 631 1919 721 suggillationibus
1935 631 2017 702 odia
2034 631 2204 700 incenda-

172 730 371 803 divinitatis
392 732 532 801 assidue
555 732 745 819 repetitur,
772 755 811 798 ac
830 754 925 800 nunc
941 755 1084 824 quoque
1100 755 1164 822 pro
1218 757 1306 819 meis,
1331 737 1390 802 sed
1406 734 1451 803 sit
1467 736 1504 803 in
1520 734 1871 803 iudicandocandor:
1895 730 2078 821 Quaedam
2098 734 2201 802 etiam

172 834 280 905 nobis
295 847 439 901 aeterno
460 834 550 922 patri
566 835 789 922 proponitur.
1216 835 1396 904 communi
1421 836 1616 919 infirmitati
1641 837 1900 917 condonemus,
1925 848 1985 903 aut
2000 834 2028 901 si
2045 857 2204 903 necessa-

276 932 350 1004 Nec
369 949 453 1005 suut
476 935 575 1003 irrita
601 929 687 1002 haec
711 947 810 1017 vota,
845 946 880 1002 et
904 932 1047 1025 copulat
1070 932 1164 1004 Deris
1215 938 1268 1006 ria
1295 937 1435 1008 videtur
1457 939 1677 1023 admonitio,
1708 938 1845 1029 placide
1862 938 2201 1012 admoneanturilti,

172 1037 316 1131 piorum
340 1037 494 1103 animos:
528 1038 589 1103 sed
609 1037 685 1104 vult
711 1036 747 1102 iu
767 1035 869 1102 nobis
888 1036 990 1102 ctiam
1006 1037 1163 1102 studium
1216 1039 1346 1131 quibus
1371 1038 1542 1130 inspectio
1556 1036 1733 1110 Ecclesiae
1753 1041 1998 1108 commendata
2020 1051 2081 1106 est.
2131 1037 2202 1108 Dc-

174 1162 248 1210 esse
271 1138 422 1206 tuendae
443 1137 724 1222 coniunctionis,
751 1151 786 1208 et
810 1138 1029 1209 concordiae.
1082 1136 1161 1206 Nou
1218 1141 1324 1233 uique
1349 1142 1591 1211 discernamus
1614 1142 1718 1212 etiam
1743 1136 1878 1225 hostes,
1910 1154 1943 1210 et
1966 1139 2076 1222 cives,
2102 1164 2202 1230 prac-

174 1240 316 1332 copulat
341 1239 484 1308 illorum
510 1255 669 1329 pectora,
700 1240 759 1332 qui
784 1239 943 1306 volentes
968 1239 1164 1309 autfcenos
1216 1243 1344 1312 liemur
1375 1268 1455 1312 cum
1487 1238 1668 1330 hostibus;
1708 1243 1801 1311 cives
1826 1242 2004 1325 infirmos,
2044 1235 2112 1308 hoc
2139 1258 2201 1319 est,

174 1342 294 1412 laxant
310 1341 455 1431 privatis
471 1342 674 1422 affectibus,
701 1340 899 1421 ambitioni,
926 1352 960 1408 ct
976 1341 1078 1418 odiis,
1104 1353 1163 1409 aut
1215 1344 1364 1432 collegas
1376 1345 1414 1413 in
1431 1347 1552 1414 eadem
1569 1368 1649 1413 vera
1665 1340 1842 1428 Ecclesia,
1873 1356 1934 1414 aut
1949 1342 2084 1435 placide
2100 1365 2202 1409 sane·

175 1444 338 1526 levitate,
363 1467 403 1510 ac
421 1444 614 1533 petulantia
631 1443 873 1533 ingeniorum,
901 1456 931 1509 et
949 1443 1164 1521 curiositate,
1217 1469 1313 1526 mus,
1340 1459 1401 1514 aut
1414 1446 1589 1534 sapienter
1604 1447 1805 1535 toleremus.

176 1570 218 1616 ac
240 1543 465 1637 perversitate
487 1559 649 1629 naturae,
675 1547 895 1615 delectantur
912 1545 1004 1612 ludis
1020 1545 1163 1635 opinio·
1317 1545 1469 1615 Pericles
1493 1541 1727 1636 reprehensus
1751 1556 1821 1623 est,
1847 1545 1944 1637 quod
1961 1542 2100 1614 omissis
2115 1543 2202 1612 civi·

175 1671 283 1730 num,
307 1640 517 1735 sophistica,
543 1661 577 1714 et
593 1646 689 1719 rixis.
1216 1646 1296 1718 tatis
1317 1643 1498 1733 hostibus,
1522 1648 1722 1717 incurreret
1747 1646 1786 1715 in
1800 1646 1952 1726 amicos,
1977 1646 2199 1737 praestantis-

279 1743 322 1815 ln
339 1746 469 1831 Saule,
502 1749 541 1816 iu
563 1746 648 1817 loab
671 1750 770 1818 ardet
791 1740 950 1817 ambitio.
1009 1743 1058 1813 Hi
1083 1770 1161 1813 cum
1215 1749 1324 1818 simos
1355 1748 1467 1820 cives:
1518 1746 1609 1818 Nam
1641 1746 1827 1820 Cimonem
1860 1771 1901 1817 ex
1934 1748 2024 1818 urbe
2056 1747 2203 1838 expulit,

175 1849 319 1921 doleant
343 1849 410 1917 sibi
435 1850 524 1918 alios
548 1850 733 1931 anteferri,
760 1865 792 1920 et
811 1849 910 1940 quasi
930 1847 1061 1937 gloriae
1081 1871 1164 1916 suae
1216 1845 1417 1941 Ephialtem
1440 1850 1546 1921 etiam
1571 1850 1655 1919 dolo
1679 1872 1820 1918 necasse
1838 1846 2016 1918 scribitur.
2066 1846 2201 1918 Contra

176 1951 415 2022 circumfundi
439 1953 622 2034 tenebras,
666 1952 788 2020 tollere
811 1951 892 2019 illos
918 1976 936 2018 e
962 1951 1078 2017 medio
1104 1975 1164 2018 co·
1216 1952 1350 2021 laudati
1374 1965 1456 2021 sunt
1479 1947 1757 2035 Themistocles,
1792 1945 1986 2033 Aristides,
2017 1945 2202 2033 Camillus,

176 2065 321 2124 uantur.
1217 2052 1368 2132 Fabius,
1393 2051 1535 2142 Scipio,
1566 2055 1662 2144 quod
1687 2052 1863 2122 sociorum
1886 2049 2073 2121 ambitioni
2091 2073 2202 2136 cesse-

280 2151 323 2220 ln
340 2147 573 2242 Achitophel‚
599 2153 635 2220 iu
664 2152 821 2236 Semela,
853 2151 991 2222 etiamsi
1016 2151 1084 2241 ipsi
1108 2175 1163 2220 re·
1218 2167 1320 2234 nint,
1350 2167 1384 2222 et
1405 2153 1554 2222 iniurias
1577 2179 1596 2222 a
1623 2153 1759 2222 civibus
1782 2168 1939 2244 acceptas
1959 2152 2095 2244 placide
2111 2153 2202 2221 tule-

175 2278 287 2347 guum
309 2277 373 2323 nec
395 2270 557 2344 sperant,
590 2279 654 2323 nec
671 2269 860 2346 appetunt,
892 2269 1007 2324 tamen
1027 2253 1164 2321 aliisde
1217 2269 1311 2327 runt.
1375 2251 1424 2323 Et
1450 2254 1635 2324 universae
1666 2255 1818 2325 civitatis
1841 2250 1979 2326 Atticae
2004 2254 2202 2323 moderatio

177 2356 310 2426 caussis
330 2355 459 2423 iniusta
485 2357 567 2426 odia
583 2381 725 2424 accensa
741 2371 840 2438 scint,
867 2357 995 2446 quibus
1012 2355 1164 2423 incitan-
1218 2357 1352 2446 proluit
1374 2356 1438 2425 toti
1462 2355 1650 2440 Graeciae,
1682 2359 1777 2451 quod
1803 2357 1959 2448 primum
1981 2357 2024 2426 ad
2044 2351 2203 2426 Artemi-

177 2471 257 2536 tur,
286 2471 326 2526 ut
354 2471 533 2542 ruentem,
567 2473 738 2551 quantum
769 2469 934 2547 possunt,
967 2456 1163 2546 impellant.
1216 2461 1307 2527 sium
1353 2458 1456 2529 cessit
1501 2481 1676 2529 summam
1717 2458 1858 2550 imperii
1896 2458 2201 2528 Lacedaemoniis:

178 2556 373 2651 Utriusque
392 2560 530 2648 generis
548 2561 704 2650 exempla
722 2584 793 2627 uon
810 2560 1164 2628 rarasuntomnibus
1218 2557 1355 2630 Deinde
1378 2563 1421 2628 ad
1440 2558 1596 2645 Plateas,
1631 2584 1711 2630 cum
1729 2557 1885 2630 Arcades
1910 2560 2027 2629 locum
2046 2559 2201 2648 priorem

179 2659 410 2750 temporibus.
1216 2663 1287 2732 sibi
1317 2663 1427 2733 tribui
1459 2674 1635 2753 peterent,
1672 2664 1933 2754 responderunt
1956 2656 2202 2731 Athenienses.
2232 2734 2234 2739 ,

282 2759 355 2850 Qui
377 2763 485 2851 igitur
505 2756 635 2832 horum
659 2764 846 2833 affectuum
871 2758 1096 2840 ambitionis,
1131 2775 1166 2830 et
1216 2763 1299 2834 Non
1332 2759 1399 2833 hoc
1432 2777 1590 2855 tempore
1621 2764 1769 2834 deloco
1796 2762 1987 2834 seditiones
2011 2762 2203 2831 movendas

174 2862 252 2944 ,odil
274 2863 433 2933 flammas
454 2889 527 2933 non
548 2867 692 2935 student
713 2865 949 2954 restinguere,
977 2857 1013 2929 hi
1032 2876 1113 2931 vota
1131 2875 1165 2930 et
1217 2888 1309 2951 esse,
1341 2866 1401 2934 sed
1423 2865 1628 2958 ubicunque
1651 2867 1928 2948 collocarentur,
1953 2887 1990 2934 se
2009 2863 2204 2932 annixuros

179 2965 331 3056 gemitus
354 2965 418 3035 lilii
437 2966 498 3035 Dei
523 2962 688 3036 horribili
710 2970 829 3037 furore
847 2979 1099 3057 aspernantur,
1126 2989 1165 3032 ac
1217 2991 1309 3047 esse,
1342 2982 1382 3038 ut
1401 2966 1468 3035 viri
1486 2968 1573 3036 boni
1595 2980 1728 3059 essent,
1753 2959 1876 3059 πάντη
1898 2961 2115 3064 τεταγμένοι
2128 2988 2204 3035 πει-

177 3069 386 3159 procedunt.
416 3069 554 3139 Deinde
572 3072 616 3138 ad
633 3066 696 3140 has
711 3069 915 3139 tribunicias
929 3080 1031 3145 artes,
1059 3091 1166 3159 quae·
1218 3061 1412 3164 ρησόμεθα
1434 3062 1528 3141 εἶναι
1550 3063 1718 3164 χρηστοὶ.
1777 3065 1824 3139 Et
1846 3081 1931 3139 nota
1954 3080 2005 3136 est
2022 3080 2124 3137 vetus
2140 3068 2205 3136 ad·

179 3181 425 3243 runtcaussas
447 3170 672 3261 plausibiles,
705 3189 746 3242 ut
769 3172 854 3240 olim
880 3185 980 3239 erant
998 3165 1166 3256 Agrariae
1219 3171 1369 3243 monitio
1384 3173 1428 3239 de
1443 3169 1694 3266 Syncretismo.
2307 3261 2319 3269 ἢ

178 3269 290 3361 leges,
322 3284 356 3340 et
380 3297 492 3343 novae
515 3275 675 3359 tabulae,
708 3275 848 3361 fingunt
872 3271 1087 3353 calumnias,
1112 3294 1168 3340 se·
1320 3271 1457 3343 Multos
1484 3287 1600 3344 autem
1630 3272 1784 3341 vidimus
1807 3266 1863 3340 his
1889 3270 2014 3360 viginti
2040 3268 2143 3338 annis
2166 3269 2203 3337 in

179 3387 265 3444 runt
279 3374 506 3465 suspiciones,
533 3377 701 3445 muniunt
715 3398 751 3442 se
763 3373 988 3452 factionibus,
1015 3386 1048 3442 et
1061 3373 1168 3440 variis
1219 3371 1386 3443 Ecclesiis
1408 3375 1556 3452 uostris,
1586 3375 1648 3465 qui
1671 3373 1810 3441 omissis
1831 3371 2080 3441 communibus
2093 3365 2207 3439 hosti-

180 3488 311 3544 acuunt
327 3477 531 3544 rumoribus
553 3478 641 3556 iras,
666 3489 777 3544 astute
800 3486 833 3539 et
849 3474 940 3560 ipsas
956 3494 1093 3540 caussas
1112 3495 1170 3540 ar·
1222 3478 1304 3557 bus,
1341 3474 1479 3564 privato
1503 3473 1630 3542 aflectu
1652 3472 1691 3540 in
1713 3473 1881 3560 collegas,
1907 3486 1939 3542 et
1955 3471 2099 3565 quidem
2118 3471 2207 3539 ami-

179 3588 300 3656 mant,
327 3588 361 3641 et
386 3571 594 3668 sophistica,
623 3593 656 3645 et
671 3573 839 3644 Pericleis
860 3572 1073 3640 fulminibus
1090 3595 1170 3639 ver·
1221 3598 1301 3657 cos,
1332 3596 1458 3661 magna
1481 3574 1670 3642 acerbitate
1692 3573 1895 3641 animorum
1919 3574 2089 3662 impeturn
2115 3573 2207 3640 fece-

180 3677 324 3742 borum.
698 3702 707 3711 ·
826 3723 829 3727 -
1222 3687 1316 3744 curu.
1369 3671 1421 3742 lta
1447 3672 1544 3744 velut
1560 3671 1729 3745 Cadmaei
1750 3674 1874 3743 fratres
1897 3673 1992 3743 iuter
2006 3696 2071 3741 nos
2089 3672 2208 3742 infeli-

284 3769 392 3842 Extat
412 3771 503 3839 liber
518 3774 633 3840 editus
647 3787 727 3841 ante
744 3771 1032 3868 quinquennium
1051 3771 1169 3840 diver·
1222 3777 1309 3844 citer
1331 3776 1551 3843 dimicamus.
1618 3773 1698 3864 Qua
1724 3775 1762 3843 in
1785 3800 1823 3843 re
1844 3775 1998 3865 primum
2025 3788 2208 3865 praecepta

183 3875 231 3946 sis
254 3875 291 3943 in
316 3874 421 3958 locis,
455 3875 499 3942 de
518 3874 727 3965 Magistrum
745 3877 910 3967 politico,
934 3876 1009 3943 sine
1025 3874 1170 3944 nomine
1223 3878 1343 3946 divina
1366 3879 1409 3946 de
1433 3878 1622 3947 concordia
1642 3878 1897 3948 consideranda
1919 3889 2035 3946 erant:
2068 3873 2209 3946 Deinde

184 3978 337 4059 autoris,
373 4001 574 4069 quanquam
597 3979 796 4068 arrogantia
820 3991 978 4047 autorem
1004 3978 1170 4049 ostendit.
1223 3995 1257 4051 et
1278 3978 1520 4050 misericordia
1537 3976 1715 4050 Ecclesiae
1732 3980 1866 4048 moveri
1885 4003 1951 4048 nos
1964 4001 2087 4048 ornnes
2102 4002 2209 4067 opor·

182 4076 301 4150 Huius
325 4079 410 4148 libri
426 4076 623 4148 Exordium
649 4093 701 4148 est
719 4077 804 4174 hoc:
837 4073 1024 4177 Quotquot
1046 4070 1172 4146 huete-
1224 4082 1309 4162 tuit,
1342 4106 1432 4176 quae
1455 4096 1507 4152 cst
1528 4081 1685 4152 saucium
1712 4095 1747 4152 et
1771 4103 1914 4170 aegrum
1937 4102 2084 4172 corpus,
2109 4080 2210 4148 cuius

183 4205 254 4250 nus
283 4180 505 4277 seripserunt
535 4177 577 4251 de
600 4177 917 4276 Magistrutibus‚
955 4203 1078 4250 omnes
1105 4188 1170 4249 aut
1225 4184 1370 4254 vulnera
1401 4182 1531 4274 magis,
1572 4183 1629 4251 vel
1670 4183 1808 4274 privato
1840 4182 1945 4264 odiu,
1986 4181 2042 4248 vel
2075 4179 2211 4271 ingenii

183 4276 287 4351 nibil
314 4279 557 4364 intellexisse,
598 4293 664 4352 eut
697 4282 850 4382 turpiter
869 4291 1076 4357 assentatus
1099 4305 1172 4351 esse
1223 4286 1458 4356 ostentatione
1473 4287 1647 4367 lacerare,
1670 4306 1796 4373 magna
1815 4284 2004 4353 crudelitas
2021 4295 2083 4355 est.

183 4379 434 4479 Principibus.
499 4385 588 4455 Tale
610 4382 806 4456 Exordium
832 4388 875 4455 ad
900 4387 1071 4476 populum
1098 4408 1172 4451 non
1326 4385 1493 4476 Pingitur
1515 4383 1675 4457 Ecclesia
1701 4387 1740 4455 in
1765 4385 1900 4455 viatore
1924 4384 2053 4456 saucio.
2103 4381 2212 4453 Hunc
2275 4459 2282 4487 ,Ι

183 4500 323 4557 tantum
351 4487 533 4554 classicum
557 4501 625 4570 est,
651 4491 711 4556 sed
735 4489 840 4580 plane
862 4500 967 4577 caput
982 4483 1173 4573 Gorgonis,
1225 4487 1469 4560 Samaritanus
1490 4487 1647 4558 molliter
1666 4482 1764 4557 vehit
1784 4487 1823 4556 in
1847 4487 2104 4568 diversorium,
2136 4507 2211 4552 non

183 4612 256 4682 quo
272 4601 457 4676 conspecto
474 4605 660 4659 vertuntur
673 4592 777 4660 multi
795 4592 833 4659 iu
848 4588 1020 4679 scopulos.
1071 4585 1173 4658 Reli·
1227 4592 1263 4658 in
1291 4589 1552 4672 carnificinam,
1585 4604 1646 4659 aut
1670 4589 1709 4658 in
1733 4589 1913 4672 latomias,
1940 4602 1975 4657 et
1998 4586 2114 4657 curari
2132 4610 2214 4655 eum

184 4689 248 4783 qui
272 4688 389 4777 operis
413 4710 549 4758 summa
574 4704 627 4760 est
652 4693 776 4771 stulta,
808 4691 915 4774 falsa,
939 4713 979 4758 ac
996 4689 1173 4762 seditiosa.
1226 4693 1335 4764 iubet.
1386 4688 1439 4760 Ac
1453 4692 1547 4761 lilius
1562 4688 1628 4762 Dei
1643 4691 1718 4783 ipse
1731 4689 1865 4785 inquit,
1888 4714 1925 4759 se
1942 4702 2075 4781 gestare
2088 4684 2213 4757 Eccle-

186 4791 241 4862 Ao
254 4813 393 4882 possem
412 4791 523 4861 multa
541 4794 696 4882 exempla
713 4814 1001 4863 commemorare.
1225 4796 1330 4876 siam,
1363 4806 1404 4862 ut
1426 4808 1545 4884 pastor
1569 4795 1606 4863 in
1629 4795 1765 4885 gremio
1787 4789 1935 4862 tenellos
1958 4812 2068 4882 agnos
2092 4811 2215 4859 recens

245 4978 247 4983 Ι
287 4889 378 4962 Cum
411 4892 521 4979 igitur
550 4896 783 4962 maximarum
811 4894 1103 4964 dilacerationum
1135 4893 1175 4963 in
1225 4896 1339 4967 editos
1358 4909 1481 4986 gestat.

186 4989 354 5078 Ecclesia,
380 5008 414 5063 et
431 4995 469 5061 in
487 4996 643 5085 imperiis
660 5019 801 5066 caussae
816 4997 902 5076 sint,
927 4990 967 5062 hi
982 4997 1072 5065 caeci
1089 4995 1174 5064 affe-
1327 4995 1407 5068 Hoc
1439 4999 1599 5090 exemplo
1630 5011 1665 5067 et
1692 5018 1780 5079 nos,
1814 5005 1984 5086 quantum
2015 5017 2215 5086 possumus,

189 5109 281 5178 ctus,
307 5096 475 5179 ambitio,
499 5110 533 5166 et
557 5097 701 5181 odium,
726 5122 765 5167 ac
789 5097 964 5165 vindictae
992 5098 1177 5186 cupiditas,
1227 5111 1347 5169 coetus
1369 5112 1528 5181 nostros,
1559 5121 1710 5192 quorum
1732 5095 1888 5188 profecto
1902 5117 2028 5185 magna
2046 5109 2097 5165 cst
2114 5094 2213 5162 intic-

189 5200 337 5288 oppouit
366 5198 416 5266 eis
446 5199 539 5267 lilius
562 5198 629 5269 Dei
656 5193 748 5268 hanc
771 5198 1013 5287 gravissimam
1035 5197 1176 5265 concio·
1228 5200 1343 5278 initas,
1362 5198 1561 5282 foveamus,
1587 5211 1622 5268 et
1646 5196 1909 5277 consociemus,
1935 5210 1970 5266 et
1991 5196 2216 5266 coniunctio-

190 5321 286 5368 ncin:
319 5295 468 5369 Discite
490 5324 602 5385 ame,
628 5297 717 5398 quia
732 5297 834 5368 mitis
849 5322 950 5382 stem,
975 5306 1006 5367 et
1022 5290 1177 5370 humilis
1229 5323 1310 5371 uem
1334 5314 1491 5369 nostram
1513 5299 1679 5370 omnibus
1700 5299 1770 5393 piis
1787 5297 1913 5370 officiis
1944 5311 2117 5367 tueamur.
2168 5291 2215 5367 Et

190 5395 304 5473 eorde.
369 5399 465 5472 Huic
495 5405 572 5473 voci
601 5404 664 5471 filii
691 5400 760 5472 Dei
783 5404 1083 5497 obtemperemus,
1113 5424 1178 5474 nec
1229 5403 1340 5474 simus
1368 5425 1542 5473 memores
1564 5401 1791 5485 ¹dulcissimae
1820 5398 2021 5484 concionis,
2055 5420 2146 5495 quae
2179 5397 2219 5469 iu

1517 5486 1644 5578 w.
