4776 6024
105 372 108 379 ,
168 291 246 363 279
730 281 1161 359 uulsronstttttu

1213 282 1322 358 LlB.
1345 281 1429 360 ΧΠ.
1464 279 1614 361 1654.
2132 284 2215 370 280

173 467 384 536 recentiores
407 475 544 531 tantum
566 463 715 540 audere,
742 474 781 529 ut
796 462 892 529 dere
908 475 1006 532 tanta
1025 483 1046 529 a
1062 472 1163 529 retu·
1188 463 1193 547 t
1216 456 1368 527 seutiam
1382 456 1421 526 in
1440 478 1507 526 suo
1524 457 1664 546 agmina
1682 456 1850 531 ostendit.
1901 454 2077 553 Exemplo
2098 469 2212 539 multa

173 581 259 637 state
272 566 511 649 discederent,
538 565 637 658 quasi
654 586 727 631 non
743 575 778 632 et
790 564 955 633 audacter
971 561 1039 634 alia
1053 561 1163 632 finxe-

173 666 257 738 rint.
308 662 362 734 De
386 680 457 735 tota
474 689 513 735 re
535 678 652 735 coram
677 665 941 758 colloquemur,
966 665 1051 760 quia
1068 687 1164 733 com·

174 768 277 857 plecti
295 767 452 857 epistolis
467 792 540 837 non
555 790 706 859 possum.
745 765 843 837 Bene
860 768 948 840 vale.
998 764 1068 835 Pro
1087 765 1164 833 cul-

174 871 238 938 tris
255 869 410 960 pagellas
424 870 492 941 tibi
506 871 608 940 mitto
625 863 675 958 *).
728 868 770 937 ln
786 866 1003 941 Pentecoste.

613 968 614 973 ’
914 966 1114 1062 Philippus.

692 1118 708 1153 Ο

175 1196 624 1205 -ς--ω-.-.------.-.
633 1198 642 1203 ..
652 1197 655 1201 .
664 1198 678 1202 -
709 1197 712 1201 ,
1057 1190 1164 1199 --ι-..-

190 1342 384 1415 N0.5600.
1008 1341 1164 1459 ἱρῇ.

178 1439 370 1472 m

436 1529 587 1615 loaob.
617 1527 897 1616 Camerario.

245 1685 329 1761 Epist.
341 1687 374 1741 ad
390 1686 530 1745 cameras.
542 1707 572 1761 p.
585 1686 647 1744 682.
664 1688 718 1756 (ed.
730 1685 820 1741 Lond.
836 1685 883 1741 lib.
895 1682 943 1740 tv,
957 1703 1000 1757 ep.
1017 1682 1101 1752 8⁶22).

174 1835 400 1916 Clarissimo
424 1845 503 1913 vira
530 1842 733 1916 eruditione
759 1854 791 1914 et
810 1843 939 1914 virtute
958 1840 1168 1940 praestanti

214 1940 241 2014 I
249 1940 462 2016 oachimo
477 1939 752 2019 Camerario
765 1944 892 2044 fratri
907 1970 977 2015 suo
999 1945 1127 2018 carisa.

177 2079 224 2166 S.
247 2092 293 2167 D.
326 2092 420 2184 'Ego
445 2121 529 2167 vero
552 2122 625 2166 non
654 2097 777 2166 leviter
805 2096 986 2165 excrucior
1014 2120 1096 2164 cura
1123 2097 1167 2165 de

178 2195 337 2291 Synodo,
359 2212 391 2265 et
408 2222 488 2267 cum
504 2200 572 2269 alia
588 2199 700 2270 multa
715 2198 841 2288 cogito,
868 2211 943 2268 tunt
961 2222 1044 2267 vero
1062 2198 1166 2266 etiam

177 2299 245 2366 iter
267 2291 456 2368 Iohannis
479 2298 586 2376 Rom.
611 2299 809 2384 Pontificis,
843 2300 904 2394 qui
926 2297 1166 2380 Constantine,

177 2423 257 2467 cum
277 2401 515 2472 obiicerentur
533 2402 567 2472 ei
580 2402 692 2473 multa
715 2402 883 2484 crimina,
909 2402 1107 2492 respondit:
1131 2425 1167 2469 se

176 2501 276 2589 peius
298 2503 436 2588 fecisse,
467 2507 562 2597 quod
593 2507 638 2573 ad
661 2500 845 2598 Synodum
876 2503 1038 2575 venisset.
1096 2501 1165 2573 Sed

177 2606 387 2673 commendo
421 2629 486 2674 nos
520 2605 605 2677 Deo.
657 2604 772 2676 Aulae
806 2607 974 2674 videntur
1002 2605 1166 2673 delectari

178 2707 308 2775 nostris
337 2709 599 2779 certaminibus.
670 2704 717 2777 Et
740 2708 897 2777 fortassis
921 2711 1073 2776 aderunt
1096 2709 1168 2775 duo

179 2807 251 2886 illi,
279 2832 368 2899 quos
391 2805 576 2899 Appianus
604 2811 755 2900 scriptor
784 2806 952 2878 historiae
982 2809 1031 2879 ait
1061 2809 1167 2877 luisse

177 2900 401 3003 Polyphemi
419 2910 520 2978 lilios.
571 2907 618 2979 Et
642 2913 784 3002 quidem
817 2914 862 2980 ita
893 2911 947 2977 illi
971 2910 1168 2978 narrationi

178 3009 291 3091 favet,
315 3023 357 3078 ut
369 3008 478 3094 dicat,
504 3008 566 3082 καὶ
580 3005 665 3083 τόδε
682 3008 746 3104 μοὶ
761 3005 942 3103 μάλιστα,
967 3006 1082 3081 πολλὰ
1095 3036 1168 3103 μυ-

178 3101 373 3182 Serimon
390 3108 495 3205 ἕτερα
515 3115 681 3196 πολλῶν,
708 3108 862 3204 ἀρέσκει.
921 3113 989 3182 Sed
1008 3109 1092 3181 haec
1109 3138 1168 3181 co-

178 3234 266 3282 ram.
307 3210 397 3280 Nam
415 3216 458 3282 ad
476 3239 538 3285 vos
556 3214 698 3306 quidem
714 3215 845 3286 libente
878 3217 1019 3286 accedo.
1071 3212 1168 3282 Bene

179 3325 214 3381 et
230 3313 378 3382 feliciter
394 3315 482 3389 vale.
520 3312 728 3386 Orofilium
745 3315 808 3386 Dei
877 3333 957 3387 teet
976 3312 1166 3386 Ecclesiam

1217 559 1322 627 etiam
1346 553 1402 628 his
1420 560 1524 630 aunis
1537 559 1711 634 videmus.
1759 556 1810 630 Et
1828 555 1900 630 hoc-
1921 565 2214 641 anno'diriuitus

1215 661 1365 751 repressi
1382 676 1465 733 sunt
1478 654 1648 755 Lamyri
1659 675 1828 749 conatus,
1853 686 1959 756 quem
1975 668 2038 736 etsi
2055 692 2130 739 nou
2146 670 2212 742 de-

1216 763 1295 831 sino
1309 777 1483 850 metuere,
1509 778 1626 834 tamen
1643 788 1745 855 spero
1765 762 1939 860 lacrymas
1961 781 1995 839 et
2011 785 2094 842 vota
2116 772 2215 844 mul-

1216 879 1332 934 tarum
1359 866 1499 958 piarum
1518 867 1735 937 familiarum
1762 869 1856 957 apud
1880 892 1945 939 vos
1968 884 2004 942 et
2028 874 2115 943 alibi
2139 900 2214 947 non

1215 964 1293 1036 fore
1315 967 1428 1042 irrita.
1479 967 1640 1040 Minatus
1660 983 1712 1039 est
1737 971 1904 1040 atrociter
1925 973 2054 1044 vicinis
2075 976 2215 1051 Silesiis

1218 1083 1252 1138 et
1266 1069 1361 1138 aliis:
1390 1072 1450 1138 sed
1466 1070 1642 1141 nuncubi
1658 1072 1703 1141 sit
1723 1094 1797 1140 non
1815 1074 1899 1142 scio.
1950 1071 2063 1147 Aiunt
2081 1082 2125 1150 ad
2142 1079 2213 1151 Pa·

1218 1185 1336 1240 truum
1370 1173 1569 1253 accessisse,
1607 1174 1744 1243 utinam
1778 1175 1881 1244 abeat
1913 1170 2001 1274 w)
2036 1173 2209 1276 κόρακας.

1216 1268 1514 1344 Commendamus
1537 1287 1658 1345 nostra
1687 1276 1844 1369 pericula
1869 1272 1937 1346 Dei
1959 1279 2033 1351 filio
2054 1278 2211 1355 Domino

1216 1387 1338 1445 nostro
1355 1370 1435 1445 lesu
1448 1366 1610 1465 Christo,
1636 1376 1698 1470 qui
1715 1377 1822 1459 dixit,
1848 1372 1970 1450 Nemo
1992 1382 2111 1482 rapiet
2130 1411 2210 1457 oves

1217 1499 1317 1544 meas
1341 1498 1388 1545 ea:
1408 1472 1583 1548 manibus
1603 1476 1704 1554 meis.
1755 1476 1831 1549 Has
1845 1482 1984 1552 divinas
2003 1476 2213 1576 promissio-

1217 1602 1280 1647 nes
1295 1602 1369 1647 uon
1385 1581 1624 1652 existimemus
1641 1583 1764 1651 inanes
1781 1585 1918 1655 sonitus
1935 1608 2026 1672 esse,
2047 1593 2109 1658 sed
2127 1616 2213 1661 vere

1220 1681 1265 1748 ab
1285 1674 1355 1749 hoc
1376 1684 1521 1753 custode
1538 1678 1716 1755 Ecclesiae
1740 1685 1920 1771 crucifixo,
1937 1680 1979 1759 ¹et
2002 1693 2211 1765 resuscitato

1218 1778 1373 1851 Domino
1397 1798 1519 1854 nostro
1541 1786 1621 1854 Iesu
1643 1781 1787 1857 Christo
1808 1801 1967 1879 petam
1993 1805 2028 1861 et
2050 1809 2211 1887 expecte-

1218 1907 1298 1953 mus
1311 1884 1483 1953 aurilium
1498 1886 1542 1955 de
1558 1889 1823 1978 protectionem.

1320 2018 1486 2112 Synodus
1505 2023 1637 2091 indicta
1656 2037 1726 2106 est,
1748 2026 1840 2094 utin
1856 2026 1934 2116 ripa
1951 2025 2054 2098 Salae
2071 2031 2108 2097 iu
2124 2033 2212 2100 urbe

1217 2115 1430 2216 Noopyrgo
1448 2125 1663 2195 conveniant
1682 2126 1817 2218 aliquot
1835 2129 2002 2198 docentes
2024 2132 2062 2199 in
2086 2128 2211 2200 Eccle-

1219 2223 1280 2290 siis
1295 2220 1473 2309 Suevicis,
1497 2224 1673 2296 Hessiaeis
1698 2240 1734 2297 et
1755 2230 1897 2303 nostris.
1951 2229 2030 2301 Non
2050 2234 2124 2302 scio
2139 2259 2211 2328 qua

1219 2327 1263 2393 de
1286 2349 1325 2393 re
1347 2326 1458 2394 velint
1476 2327 1683 2409 deliberari,
1712 2323 1750 2399 hi
1767 2331 1829 2424 qui
1853 2355 1919 2401 uos
1941 2335 2130 2403 convenire
2151 2337 2210 2403 iu-

1218 2428 1314 2498 bent.
1373 2426 1490 2498 Multa
1518 2427 1694 2520 suspicor,
1725 2445 1761 2501 et
1787 2432 1902 2518 cogito
1933 2429 2121 2506 historiam
2143 2431 2211 2505 Ia·

1219 2521 1360 2597 hannis
1383 2526 1542 2600 Romani
1562 2529 1761 2619 Pontificis,
1798 2535 1860 2628 qui
1882 2532 2130 2609 Constantiam
2153 2565 2212 2609 ac-

1220 2631 1322 2699 cessit
1337 2631 1523 2702 aecersitus
1542 2633 1588 2702 ab
1602 2630 1818 2724 Imperatore
1832 2631 2089 2731 Sigismundo.
2140 2641 2208 2713 Sed

1219 2734 1264 2801 de
1283 2727 1350 2800 hoe
1368 2747 1543 2804 conventu
1571 2735 1741 2820 scribam,
1773 2739 1835 2807 ubi
1860 2739 1982 2812 videm
2004 2738 2077 2835 τὴν
2095 2767 2212 2814 acara-

1221 2826 1399 2929 στροφήν.
1433 2830 1511 2905 Oro
1520 2835 1654 2908 Filium
1668 2835 1737 2909 Dei
1750 2852 1790 2909 ut
1806 2864 1872 2911 nos
1885 2867 2011 2914 omnes
2027 2847 2209 2934 gubernet.

1219 2933 1318 3007 Bene
1333 2950 1368 3007 et
1384 2937 1534 3037 feliciter
1549 2940 1639 3012 vale.
1689 2941 1749 3012 die
1769 2941 1945 3017 lonfait

179 3428 275 3483 tuam
289 3416 517 3487 domesticam
539 3433 652 3487 servet
672 3416 899 3489 incolumem.
953 3417 1050 3487 XVl.
1067 3418 1168 3488 Maii.
1277 3459 1286 3480 .

919 3517 1118 3612 Philippus.

176 3898 242 3971 No.
258 3897 369 3972 5601.

1017 3915 1071 3976 16.
1083 3905 1155 3969 Maii

192 3995 360 4025 *m
1024 3999 1143 4024 Μ

396 4088 522 4172 Hier.
543 4054 944 4198 ‘Baamgartuero

245 4256 330 4330 Epist.
350 4257 507 4398 lib'pvl'ttp'
522 4258 623 4331 tsasq.
659 4258 710 4315 llic
729 4277 760 4311 ex
780 4257 948 4329 autographo
967 4257 995 4312 in
1014 4259 1074 4317 cod.
1098 4261 1164 4315 Mo-

280 4345 338 4382 uae.
366 4369 373 4384 .
410 4366 418 4380 .
485 4365 493 4380 .

175 4479 461 4574 Hieronymo
493 4474 854 4575 Bomgortnero,
899 4481 1075 4556 Senatori
1106 4487 1164 4556 in-

447 4578 567 4676 clytae
582 4580 685 4652 urbis
698 4579 897 4680 Noriberg.

175 4717 222 4805 S.
246 4729 292 4806 D.
344 4731 559 4827 Quanquam
586 4734 697 4805 iustae
718 4761 850 4826 poenae
874 4763 936 4829 per
960 4764 1070 4829 genus
1094 4736 1163 4812 hu-

172 4859 318 4905 manum
334 4848 525 4926 vagantur,
549 4837 667 4906 tamen
683 4836 798 4909 Filius
812 4839 884 4910 Dei
906 4843 1077 4915 immensa
1094 4843 1161 4910 mi-

172 4938 361 5008 sericordia
376 4939 465 5009 lenit
475 4934 653 5010 Ecclesiae
669 4942 883 5013 calamitates
898 4957 931 5012 et
945 4965 1044 5013 suam
1060 4965 1162 5043 prae-

171 5098 378 5111 ——t-o

205 5180 1038 5338 '’taulatutaat{erasistratusa.
1054 5188 1160 5314 dett:

236 5322 344 5394 pbalus,
369 5335 394 5377 et
409 5322 478 5377 acris
493 5331 551 5375 erat
565 5339 638 5374 anno
655 5321 732 5374 1554.
748 5339 777 5374 ea
790 5322 824 5375 de
836 5342 866 5376 re
878 5325 1034 5396 disputatio.
1072 5327 1157 5382 Vide-

236 5405 282 5447 tur
295 5392 378 5462 igitur
391 5394 457 5445 hacc
471 5409 514 5463 ep.
526 5389 559 5444 ad
573 5407 638 5443 ann.
653 5389 728 5444 15⁵4.
741 5388 901 5464 referenda,
918 5395 964 5449 ubi
979 5395 1156 5469 diaspentec.

236 5463 289 5516 fuit
303 5462 331 5517 d·
347 5458 478 5518 tt.n1·tt.

1504 3612 1614 3728 cat.
1643 3612 1937 3703 Stathmioni.

1287 3784 1370 3857 aaa
1392 3786 1438 3844 ns.
1450 3787 1484 3844 u.
1502 3807 1529 3861 a
1541 3789 1602 3845 aa.
1619 3790 1673 3861 aa
1690 3788 1777 3846 rana
1796 3791 1846 3848 un
1857 3791 1892 3846 u.
1909 3807 1952 3860 ψ.
1965 3791 2047 3860 asra.

1338 3941 1393 4020 D.
1419 3935 1770 4048 Chrisiopltoro
1792 3944 2089 4023 Stathmioni

1220 4081 1269 4168 S.
1297 4093 1342 4168 D'.
1392 4095 1484 4168 Cum
1498 4088 1739 4174 Cancellarius
1756 4096 1994 4197 Mangoicius
2017 4120 2052 4176 et
2074 4110 2208 4179 intelli-

1218 4212 1276 4288 gat
1290 4198 1499 4288 dignitatem
1512 4205 1728 4293 optimarum
1744 4206 1890 4292 artium,
1916 4232 2068 4302 quarum
2085 4213 2208 4302 cogni·

1218 4301 1315 4373 tione
1329 4317 1364 4373 et
1379 4326 1447 4373 usu
1463 4308 1617 4378 multum
1636 4313 1803 4399 prodesse
1822 4310 1916 4380 vitae
1939 4313 2121 4382 communi
2142 4337 2209 4403 po-

1217 4418 1287 4490 tes,
1320 4416 1355 4476 et
1381 4418 1509 4477 natura
1538 4409 1708 4481 iustitiam
1739 4425 1776 4482 et
1801 4412 2068 4484 beneficentiam
2095 4431 2205 4486 amet:

1216 4529 1319 4598 spero
1341 4516 1421 4579 eum
1442 4510 1510 4583 tibi
1530 4535 1605 4582 non
1625 4515 1831 4587 defuturum
1848 4510 1923 4585 esse
1943 4510 1983 4583 in
1996 4516 2097 4599 aula,
2121 4516 2151 4586 si
2172 4519 2206 4586 ei

1136 4662 1139 4667 .
1216 4632 1370 4699 exponas
1382 4613 1469 4704 quid
1483 4628 1592 4703 petas.
1634 4613 1712 4707 Ego
1728 4641 1800 4711 quo
1815 4618 1853 4687 in
1870 4619 1953 4687 loco·
1964 4618 2029 4686 sim
2044 4618 2206 4691 memini.

1215 4706 1285 4781 Sed
1307 4722 1425 4783 tamen
1441 4739 1522 4785 vere
1544 4718 1731 4788 adfirmare
1747 4716 1909 4810 possum,
1934 4734 1966 4788 te
1981 4742 2002 4788 a
2016 4743 2077 4789 me
2091 4719 2203 4811 diligi,

1215 4825 1249 4881 et
1272 4807 1364 4881 hane
1377 4816 1661 4889 benevolentiam
1681 4823 1751 4891 tuis
1773 4846 1829 4890 me
1846 4822 2202 4892 declaraturum·esse

1214 4914 1418 5008 ubicunque
1440 4935 1574 5010 potero.
1633 4921 1773 4994 Scimus
1796 4922 1976 4994 saevitiam
2001 4937 2201 5013 temporum

1213 5015 1389 5105 sapienter
1420 5020 1602 5093 ferendam
1628 5049 1719 5109 esse,
1751 5040 1793 5095 ut
1817 5025 1848 5093 si
1877 5026 1914 5093 in
1942 5024 2062 5118 pelago
2086 5026 2204 5093 saevis

1211 5122 1475 5215 tempestatibus
1488 5127 1743 5219 navigaremus.
1773 5123 1823 5199 Et
1834 5139 1956 5199 tamen
1968 5150 2070 5221 spero
2086 5125 2203 5203 Deum

1212 5222 1372 5323 publicas
1393 5226 1427 5295 e't
1451 5226 1607 5319 privatas
1620 5228 1835 5301 calamitates
1854 5229 2102 5322 mitigaturum
2117 5253 2204 5313 esse,

1216 5377 1408 5390 —————-

1243 5469 1274 5540 *t
1292 5452 1392 5541 Spanb.
1405 5468 1492 5525 edidit
1502 5473 1548 5532 eir.
