4776 6024
184 278 259 354 637

197 448 262 519 No.
278 444 392 522 5899.
1061 444 1094 506 h.
1121 463 1149 503 ι.

192 542 465 582 We,
1038 535 1170 566 Μ

535 642 583 733 C.
609 644 828 757 Aquilae.

253 827 276 896 †
294 825 331 880 Er
349 824 517 898 autographo
536 825 603 881 Mel.
621 825 650 878 in
668 825 730 882 eod.
748 820 836 879 Rehd.
859 818 969 874 Vratisl.
987 815 1050 873 Vol.
1064 816 1098 870 t.

183 983 238 1061 D.
265 972 482 1078 Carporo
509 977 727 1080 Aquilae,
766 975 953 1077 Episcopo
982 969 1171 1044 Ecclesia-

299 1108 379 1155 rum
397 1075 454 1152 od
463 1079 616 1170 Solam,
632 1079 761 1182 fratri
771 1105 839 1152 suo
855 1075 1059 1151 carissimo.

182 1241 231 1329 S.
256 1248 302 1325 D.
354 1247 541 1323 Carissimo
561 1247 681 1317 frater.
732 1242 1001 1335 simplicissime
1018 1234 1085 1309 hoc
1105 1240 1170 1308 ad-

183 1357 307 1437 firmo,
338 1350 436 1444 quod
458 1372 580 1418 verum
604 1355 678 1417 esse'
699 1343 797 1417 Deus
823 1340 845 1418 ὁ
869 1333 1170 1441 καρδιογνώστης

182 1454 385 1538 testabitur,
418 1471 483 1519 nos
506 1450 616 1531 velle,
648 1464 690 1520 ut
702 1445 881 1519 Ecclesiae
902 1440 1030 1516 barum
1054 1442 1168 1532 regio·

182 1581 271 1629 num
287 1577 368 1624 vere
389 1574 501 1623 unum
517 1550 589 1620 sint
604 1551 643 1618 in
658 1550 751 1641 ipso,
777 1573 817 1618 ac
838 1542 1084 1618 benevolentia
1102 1567 1168 1612 no-

181 1673 253 1730 stra
267 1677 347 1745 erga
363 1675 428 1722 vos
444 1674 567 1723 omnes
582 1650 719 1720 sincera
736 1663 798 1724 est.
840 1646 889 1720 Et
901 1645 1066 1740 optarim,
1094 1667 1167 1713 non

181 1756 342 1854 praeberi
372 1753 591 1824 occasionem
616 1752 720 1822 novis
747 1751 1000 1821 certaminibus
1024 1746 1070 1816 ab
1094 1744 1166 1815 ulla

179 1873 288 1952 parte.
336 1854 409 1927 Nec
425 1854 495 1925 alia
509 1877 578 1922 vox
592 1869 645 1925 cst
656 1850 838 1922 doctrinae
851 1852 944 1942 apud
962 1868 1039 1929 nos,
1060 1869 1165 1939 quam

181 1962 221 2032 in
239 1952 565 2034 vetustissimis,
591 1968 631 2024 ιιι
652 1953 772 2023 testari
788 1952 967 2022 auditores
989 1960 1166 2040 poterunt.

180 2062 253 2134 Nec
275 2071 406 2153 pugnat
429 2069 548 2127 noster
570 2053 705 2150 collega
721 2050 748 2148 ¹)
779 2055 824 2124 de
843 2052 904 2122 illa
925 2046 1167 2143 propositione

180 2167 225 2235 de
238 2186 309 2259 qua
321 2159 458 2232 scribis.
490 2154 600 2244 Mitto
616 2155 778 2249 pagellas,
803 2168 850 2237 et,
876 2167 915 2224 ut
930 2156 1034 2223 detur
1050 2173 1166 2220 exem-

178 2267 280 2357 plum
292 2257 432 2333 Iacobo
447 2257 498 2353 ²),
523 2271 616 2349 peto.
655 2254 705 2327 Et
720 2256 822 2326 vobis
836 2255 1004 2324 omnibus
1018 2250 1167 2322 salutem

180 2379 279 2458 opto.
320 2361 409 2433 Heri
424 2361 534 2431 multa
550 2383 630 2429 cum
648 2351 850 2449 Erosmo³)
864 2355 1003 2426 locutus
1017 2375 1107 2436 sum,
1133 2363 1168 2421 et

179 2461 272 2537 mibi
287 2486 392 2536 curae
403 2463 481 2534 erit.
522 2460 680 2532 Salutem
699 2459 774 2529 seni
789 2455 821 2553 ⁴)
834 2469 869 2528 ct
883 2455 985 2528 vobis
999 2453 1167 2525 omnibus

178 2581 278 2659 opto.
326 2563 423 2637 Bene
441 2564 518 2635 vale
533 2556 571 2655 ⁵).
917 2652 1115 2750 Philippus.

299 2839 458 2916 Salutem
489 2841 592 2914 vobis
621 2851 719 2933 optat
747 2860 850 2909 senex
884 2833 1009 2908 Pastor
1037 2831 1166 2905 Pome-

357 2968 476 3017 ranus.
508 3009 510 3013 .
586 2995 590 3005 ι

181 3172 1133 3199 Wm-w-W·
1142 3171 1157 3178 ⁷·

172 3340 361 3470 Nes-..-
1067 3431 1169 3463 ψ

530 3523 626 3613 Ad.
651 3521 811 3612 Cocco.

247 3701 326 3772 Quae
339 3696 431 3755 Peael.
443 3698 472 3752 in
486 3695 556 3753 Met.
570 3652 676 3750 Conill.
695 3693 790 3752 tote.
804 3693 842 3749 ll.
860 3709 888 3762 p.
898 3690 960 3775 231.
978 3690 1011 3746 ad
1028 3690 1102 3745 bunc
1115 3707 1168 3743 an-

277 3785 360 3893 tlibb.
358 3767 461 3837 retulit,
478 3785 509 3823 ea
522 3766 584 3839 lege
595 3764 630 3821 ed
638 3763 858 3831 Bncbboleemm
872 3767 972 3831 tempta
985 3760 1012 3816 d.
1022 3760 1066 3814 25.
1075 3758 1169 3830 Septb.

180 4047 426 4062 mnu-

1077 4209 1110 4273 h.
1126 4231 1152 4272 a.

1067 4299 1170 4334 W

393 4405 648 4492 Benedicto
677 4414 725 4491 et
755 4401 958 4522 Giponti.

278 4579 345 4635 uss.
365 4576 468 4634 const.
485 4575 532 4635 at
550 4578 583 4634 a.
599 4576 633 4633 ιι.
650 4596 677 4651 ρ.
688 4576 740 4634 ιιι
752 4594 794 4650 η.

175 4206 377 4338 wo.

209 4863 240 4930 1)
257 4858 394 4931 Georgius
409 4859 509 4915 Maior.

204 4961 235 5031 2)
253 4960 357 5016 lacobo
377 4961 485 5023 Curso,
511 4956 690 5016 Salveldensi.
739 4954 803 5012 tao.
822 4972 866 5027 ep.
893 4953 921 5008 dt
945 4955 985 5011 tt.
1006 4953 1073 5011 Mati
1093 4963 1122 5011 et
1140 4952 1168 5013 d.

246 5030 287 5085 14.
301 5029 372 5084 Maii
389 5030 465 5088 1556.
858 5058 875 5091 ,·

207 5128 389 5255 ”tzzafffm
412 5128 521 5199 iunior,
555 5126 629 5181 filius
654 5124 785 5180 Ειιιιιιιιι
808 5121 968 5192 iteinboldi,
998 5122 1168 5219 Proiectorie

295 5218 360 5255 re.
780 5218 784 5225 ·

206 5299 237 5369 4)
254 5300 273 5356 i.
286 5319 311 5356 e.
325 5297 498 5372 bucholdo,
515 5317 569 5358 aro
582 5294 688 5353 Ειιιιιιί
699 5295 823 5355 iunioris·
843 5344 846 5351 ,

207 5400 235 5466 5)
253 5396 351 5455 Serior
366 5416 464 5472 manns
475 5396 731 5471 adscripsitanrnttt
744 5392 844 5483 16553.
875 5428 906 5441 ,ι
958 5450 961 5455 ,
1012 5438 1015 5445 .
1058 5470 1061 5479 Ι
1142 5426 1173 5455 »s

759 260 1201 346 EPlSTOLARUM
1252 260 1469 339 mttxll.
1522 261 1651 343 1565.

2146 255 2221 328 oss
2287 214 2292 221 ’

1225 425 1435 526 Responsio
1450 427 1595 531 Philip.
1609 431 1874 506 Melomhonis
1896 431 1953 504 ool
1971 422 2219 530 qtsocslionem

1227 543 1707 636 Eros'miBenedicti,
1735 544 2216 639 etlohonnisGigon-

1226 646 1297 739 iis.
1348 663 1410 736 De
1429 666 1760 767 omnipraesentia,
1786 680 1818 739 et
1834 664 2018 739 detinctis
2031 657 2216 759 gradibus

1436 787 1666 881 praescntiae
1681 785 1768 859 Dei.
1818 781 2003 856 Αιιιιοόὅ.

1225 934 1336 1022 Sicut
1349 951 1548 1037 aeternitas,
1573 953 1843 1045 omnipotentia,
1869 950 2113 1022 omniscientia
2132 964 2214 1019 sunt

1224 1051 1454 1143 proprietates
1487 1054 1632 1123 divinae
1661 1056 1849 1139 essentiae,
1891 1054 2019 1143 patris,
2058 1050 2140 1135 filii,
2178 1068 2214 1122 et

1223 1150 1379 1244 Spiritus
1400 1154 1528 1228 sancti:
1555 1156 1605 1224 sic
1625 1157 1746 1225 adesse
1762 1157 1917 1250 ubique,
1941 1171 1992 1227 est
2016 1153 2213 1246 proprietas

1223 1253 1367 1324 divinae
1388 1255 1557 1326 amentiae
1580 1279 1686 1347 supra
1711 1270 1746 1328 et
1760 1272 1854 1328 extra
1877 1257 2212 1327 intellectumcrea-

1222 1368 1400 1426 turarum:
1426 1353 1474 1428 Et
1495 1370 1596 1427 vetus
1621 1370 1674 1427 est
1696 1358 1851 1443 dictum,
1875 1355 2014 1440 Enter,
2038 1376 2212 1452 proesen-

1221 1462 1291 1542 ter,
1323 1453 1431 1526 Deus
1457 1449 1518 1525 ltie
1540 1464 1571 1526 el
1592 1455 1726 1554 ubique
1744 1465 1916 1554 potenter.
1975 1454 2101 1527 Postea
2127 1480 2212 1526 vero

1221 1557 1321 1627 modi
1342 1558 1560 1650 praesentiae
1574 1557 1642 1628 Dei
1658 1558 1882 1629 discernendi
1908 1572 1990 1629 sunt
2011 1558 2107 1629 iuxta
2127 1559 2212 1626 effe-

1221 1658 1372 1744 ctiones,
1397 1670 1433 1728 et
1447 1658 1535 1728 alias
1549 1659 1843 1734 circumstantias.

1321 1824 1462 1899 Primus
1494 1829 1622 1899 modus
1655 1828 1872 1921 praesentiae
1907 1841 1977 1913 est,
2014 1830 2210 1918 praesentia

1218 1927 1446 2014 universalis,
1466 1951 1536 2021 qua
1553 1925 1650 1999 Deus
1669 1931 1766 2000 adest
1788 1929 1940 2023 ubique,
1966 1953 2037 2022 quo
2055 1931 2098 1998 ad
2122 1955 2210 2000 con-

1219 2030 1452 2125 servationem
1468 2030 1765 2115 substantiarum,
1790 2031 1903 2100 donec
1919 2043 2013 2103 sunt.
2066 2029 2125 2101 Sic
2143 2035 2208 2102 ad-

1218 2121 1274 2204 est'
1293 2130 1409 2217 coelo,
1446 2143 1578 2216 terrae,
1613 2131 1768 2220 angelis,
1808 2131 1961 2224 plantis,
2002 2127 2209 2204 hominibus

1219 2233 1324 2305 bonis
1347 2245 1384 2304 et
1405 2231 1525 2316 malis,
1549 2246 1722 2304 sustentat
1743 2230 1942 2304 Pharaonis
1965 2231 2209 2315 substantiam,

1219 2337 1332 2405 donec
1355 2331 1512 2413 vult,et
1531 2334 1683 2406 ostendit
1710 2334 1747 2403 in
1772 2334 1870 2404 illins
1887 2356 2001 2424 poena
2026 2333 2211 2423 iudicium,

1219 2435 1368 2533 stiram
1394 2456 1506 2503 suam.
1556 2432 1610 2505 De
1632 2431 1699 2505 bac
1719 2434 1912 2506 universali
1930 2437 2126 2527 praesentia
2152 2439 2209 2505 in-

1219 2536 1315 2630 quit,
1344 2525 1497 2607 Coelum
1517 2541 1550 2604 et
1571 2542 1707 2607 terram
1729 2557 1794 2631 ego
1816 2530 1967 2630 impleo,
2001 2532 2124 2611 ierem.
2145 2537 2208 2610 23.

1219 2635 1274 2709 Ac
1294 2636 1525 2728 separabilem
1550 2660 1625 2707 esse
1646 2634 1739 2707 banc
1767 2635 2019 2732 praesentiam,
2053 2639 2209 2708 manite-

1220 2752 1317 2812 stnm
1328 2750 1390 2821 est,
1414 2738 1499 2831 quia
1513 2734 1610 2808 Deus
1625 2753 1740 2832 potest
1755 2763 1811 2809 res
1826 2740 2016 2811 destruere.
2069 2737 2140 2807 Nec
2157 2753 2208 2809 est

1219 2839 1315 2912 Deus
1337 2834 1538 2931 ἐνδελὲχιια
1568 2839 1684 2911 infusa
1714 2843 1838 2925 rebus,
1872 2851 1905 2908 et
1930 2838 2088 2928 alligata,
2120 2841 2210 2911 sicut

1220 2939 1331 3013 Stoici
1354 2939 1595 3014 somniabant:
1630 2940 1702 3015 Sed
1725 2955 1776 3015 est
1799 2939 1947 3013 essentia
1972 2941 2039 3011 alia
2066 2965 2087 3013 a
2111 2965 2209 3012 crea-

1219 3041 1321 3118 toris.
2052 3077 2055 3081 ·

1248 3252 1252 3257 .
1322 3191 1509 3265 Secundus
1530 3194 1659 3264 modus
1678 3195 1894 3286 praesentiae
1915 3209 1986 3281 est,
2015 3222 2088 3289 quo
2110 3201 2209 3267 adest

1219 3294 1331 3364 beatis
1353 3291 1520 3384 Angelis,
1551 3310 1586 3366 et
1606 3294 1685 3363 aliis
1706 3295 1816 3365 beatis
1831 3295 2036 3367 visibiliter:
2071 3299 2209 3389 dequo

1220 3396 1327 3464 modo
1343 3394 1430 3464 dicit
1443 3391 1592 3463 Paulus:
1625 3387 1733 3462 Deus
1749 3392 1817 3462 erit
1831 3394 1957 3463 omnio
1974 3393 2013 3464 ιἰι
2030 3394 2210 3466 omnibus.

1219 3492 1299 3564 Hoc
1312 3494 1421 3561 modo
1436 3505 1631 3575 conservat,
1646 3517 1727 3561 non
1744 3506 1881 3564 tantum
1897 3498 2123 3577 substantias,
2145 3500 2206 3568 sed

1222 3594 1327 3664 etiam
1346 3592 1503 3662 ostendit
1524 3614 1561 3660 se
1574 3588 1672 3662 Deus
1691 3592 1823 3679 beatis,
1853 3607 1887 3665 et
1902 3610 1954 3667 est
1969 3596 2007 3665 in
2024 3599 2075 3667 eis
2088 3599 2208 3668 efficax

1220 3691 1540 3765 communicatione
1566 3692 1656 3763 lucis
1676 3716 1777 3777 suae,
1807 3707 1847 3766 ut
1871 3713 2060 3788 agnoscant
2083 3701 2209 3766 imme-

1220 3795 1314 3865 diate
1330 3807 1476 3883 patrem,
1501 3792 1628 3879 tilium,
1652 3808 1687 3867 et
1702 3792 1876 3895 Spiritum
1892 3813 2065 3884 sanctum,
2089 3813 2123 3870 et
2137 3800 2224 3871 sint.

1220 3897 1259 3965 in
1281 3896 1394 3966 beatis
1416 3895 1548 3967 similes
1569 3908 1668 3966 motu
1734 3896 1849 3991 qualis
1864 3897 1960 3970 Deus
1983 3901 2021 3969 in
2038 3901 2088 3971 eis
2102 3922 2209 3992 prae-

1220 4021 1311 4082 sens,
1326 4010 1362 4068 et
1373 3992 1459 4066 baec
1475 3920 1849 4088 praesentia'beatis
1862 4016 2027 4091 perpetua
2044 4016 2104 4077 est.
2137 4001 2208 4072 Sed

1220 4111 1338 4170 nmen
1364 4098 1478 4190 reipsa
1504 4112 1556 4171 est
1575 4099 1802 4189 separabilis,
1844 4125 1908 4171 nec
1933 4103 1987 4186 bt,
2027 4107 2150 4176 beatus
2175 4118 2210 4175 et

1220 4199 1317 4272 Deus
1331 4224 1401 4272 una
1417 4223 1588 4292 persona,
1612 4223 1673 4269 seu
1689 4223 1802 4271 unum
1817 4196 2085 4299 ὑφιστάμενον.

1232 4454 1238 4460 ¹
1322 4363 1468 4456 Tertius
1489 4367 1615 4436 modus
1635 4367 1853 4457 praesentiae
1872 4384 1941 4456 est,
1972 4396 2044 4465 quo
2069 4385 2208 4450 tantum

1221 4467 1373 4537 secunda
1390 4490 1558 4559 persona,
1583 4466 1716 4538 scilicet
1732 4461 1841 4568 λόγος
1853 4474 2001 4546 assumit
2016 4469 2209 4551 humanam

1220 4582 1385 4639 naturam
1416 4569 1552 4640 unione
1580 4563 1819 4661 hypostatica,
1851 4593 1911 4643 seu
1937 4577 2134 4664 personali,
2169 4599 2210 4653 ut

1221 4669 1458 4739 nominamus.
1515 4667 1612 4739 Haec
1633 4671 1829 4761 praesentia
1850 4673 2058 4767 simpliciter
2080 4694 2132 4751 est
2152 4683 2211 4752 in-

1220 4771 1438 4863 separabilis.
1490 4770 1574 4841 Post
1598 4785 1787 4844 assumtam
1809 4797 1980 4859 massam,
2013 4795 2133 4868 postea
2160 4801 2211 4857 est
2304 4802 2306 4806 '

1220 4872 1451 4965 impossibilis
1483 4874 1674 4965 separatio,
1714 4888 1749 4945 et
1782 4874 1832 4944 ita
1870 4890 2025 4964 gestatur
2057 4903 2211 4957 assumta

1219 4998 1350 5060 massa,
1386 4989 1429 5073 ut
1456 4974 1502 5044 sit
1525 4999 1640 5048 unum
1667 4966 1941 5070 episcopanos.
1979 4975 2066 5057 ,Eoi
2093 5001 2209 5056 autem

1221 5076 1418 5166 exemplum
1434 5098 1580 5166 prorsus
1597 5071 1712 5143 simile
1729 5075 1868 5167 nullum
1882 5092 1951 5171 Uest,
1974 5094 2091 5153 tamen
2108 5102 2209 5156 vesu.

1220 5175 1525 5255 staeanonstravit
1548 5169 1750 5262 bominem,
1782 5174 2017 5254 sieut-animal
2028 5196 2062 5256 et
2083 5210 2209 5276 corpns

1145 5294 1149 5301 ·
1220 5286 1442 5351 santonum
1476 5266 1753 5382 ὑφισιάμινιινι
1787 5277 1842 5348 eie·
1862 5273 2028 5383 ldyor'et
2057 5301 2208 5360 assumta

1220 5396 1334 5455 masso
1351 5387 1436 5448 tunt
1450 5399 1563 5465 untpn
1580 5369 1849 5475 o‘ptot'dperor.
1926 5416 1929 5423 ·
