4776 6024
208 305 284 383 666
325 268 328 273 ⁴
773 300 1204 383 66666666666
1254 305 1479 382 666616.
1535 306 1668 385 6666,
2090 362 2095 371 .
2170 308 2250 384 666

213 481 338 555 didicit
353 501 471 549 veram
490 477 754 572 aequalitatem,
779 495 820 551 ut
837 484 1001 575 prodesse
1019 477 1199 550 communi
1250 472 1445 572 ψεύδεται,
1473 474 1536 552 καὶ
1558 474 1652 575 φασὶ
1673 474 1916 575 τὸνβασιλέα
1940 471 2183 579 γηράσκοντα
2199 472 2250 572 1),

213 583 357 654 6166616
373 582 513 651 iudiciis
528 596 561 652 66
577 582 616 651 in
631 583 886 672 gubernatione
900 584 1014 655 civilis
1028 580 1202 651 societatis
1252 576 1374 674 ὥσπερ
1397 577 1416 652 ὁ
1435 576 1556 654 σόλων
1571 578 1655 677 περὶ
1669 580 1806 654 ἑαυτοῦ
1820 576 1976 682 γράφει,
2000 586 2146 673 μᾶλλον
2162 576 2249 675 ἤδε-

212 684 334 778 possit.
384 680 547 777 Cumque
570 695 605 753 et
627 708 648 754 6
671 682 747 754 1166
769 702 915 756 6666666
937 688 982 754 616
1005 682 1148 773 ingenio
1170 694 1204 750 et
1254 682 1345 752 σθαι
1361 683 1463 777 οἴνῳ.
1515 684 1585 754 Sed
1601 707 1704 776 spero
1720 682 1835 754 Deum
1853 685 2005 775 gemitus
2024 697 2105 754 66666
2120 679 2251 754 Eccle-

213 784 400 867 facundia,
426 785 557 875 poterit
570 785 652 855 usui
672 799 705 857 et
719 802 926 858 ornamento
943 810 1015 855 esse
1032 783 1203 871 reipubli·
1252 784 1322 852 siae
1339 784 1569 868 domesticae,
1596 800 1628 855 et
1646 785 1816 855 similium
1835 787 2084 856 exauditurum
2099 807 2190 864 6666,
2215 799 2251 855 66

109 944 127 967 .
215 910 285 961 666.
312 884 432 975 Quare
446 881 751 957 huncNicolaum
768 891 932 957 omnibus
947 884 1104 956 honestis
1118 883 1204 951 viris
1254 887 1653 974 poouasmitigaturum.
1698 885 1798 957 Bene
1814 899 1848 958 et
1863 888 2014 957 feliciter
2031 886 2120 960 vale.
2166 884 2251 956 Ser-

215 989 421 1083 praesertim
446 988 482 1056 in
507 988 620 1078 patria
643 994 872 1074 commendo,
898 1004 932 1059 et
956 1014 1039 1070 oro,
1065 999 1104 1056 ut
1124 1009 1203 1054 eum
1256 1001 1312 1056 vet
1325 987 1418 1057 lilius
1433 987 1497 1058 Dei
1513 1001 1547 1057 te
1564 1001 1598 1058 et
1615 1003 1707 1063 tuos.
1758 987 1826 1060 Die
1842 990 1953 1060 natali
1968 985 2169 1058 Ciceronis.

217 1092 262 1162 ad
278 1091 417 1161 labores
433 1084 599 1160 honestos
615 1086 777 1181 publicae
794 1091 1061 1179 gubernationis
1076 1110 1200 1178 provo·

218 1189 319 1263 bant.
366 1189 438 1260 Nec
462 1192 605 1276 dubito,
632 1191 669 1259 in
695 1216 736 1259 eo
761 1194 937 1286 tyrocinio
960 1191 1076 1263 statim
1095 1186 1206 1280 ipsius

219 1291 421 1383 ingenium,
447 1291 701 1377 eruditionem,
727 1293 832 1362 {idem
849 1309 882 1364 et
902 1292 1112 1362 industriam
1128 1291 1205 1357 lau·
1440 1329 1477 1336 --

222 1399 366 1467 daturos
380 1416 463 1464 esse.
504 1391 666 1464 Profecto
680 1407 795 1463 autem
813 1395 1005 1465 6666666616
1022 1391 1205 1481 diligentia

222 1511 271 1570 666
297 1497 335 1565 16
356 1496 672 1585 gubernatoribus,
698 1494 826 1587 eligere
843 1499 935 1566 hona
961 1495 1118 1583 ingenia3
1146 1492 1207 1561 sed
1257 1467 1324 1542 No.
1342 1466 1457 1542 59¹0·

222 1601 271 1670 166
286 1611 425 1670 tantum
440 1597 578 1666 labores
593 1591 741 1665 humani
756 1598 873 1667 felices
885 1611 979 1684 sunt,
1001 1621 1080 1666 cum
1096 1620 1114 1662 a
1130 1591 1207 1663 Deo

222 1701 448 1773 adiuvantur.
484 1695 605 1791 Quare
623 1698 735 1766 lilium
745 1696 825 1780 Dei,
844 1699 1028 1768 dominum
1045 1708 1208 1765 nostrum

223 1799 327 1892 LC.,
354 1800 464 1868 solem
482 1799 647 1881 iustitiae,
672 1822 747 1884 oro,
771 1814 812 1870 ut
829 1816 941 1871 totum
959 1801 1052 1870 vitae
1068 1819 1207 1866 cursum

223 1900 331 1975 buius
339 1897 496 1974 Ill’icolai
506 1901 678 1992 gubernet
686 1913 718 1970 et
726 1901 829 1971 iaciat
840 1926 920 1972 eum
935 1905 1063 1979 σκεῦος
1078 1893 1208 1980 ἐλέους,

224 2020 260 2077 66
285 2029 444 2096 organon
467 2004 619 2075 66166666
644 2025 728 2073 suae
751 2004 890 2071 animae
913 2014 946 2071 et
975 2002 1055 2071 aliis
1076 1998 1211 2072 multis.

225 2103 497 2180 DataeCalend.
515 2103 691 2191 Ianuarii,
716 2128 810 2174 anno
834 2099 942 2176 1556.

956 2197 1051 2277 Phil.
1077 2199 1165 2272 Mel.

989 2330 1037 2378 m.
1054 2326 1132 2395 666.

239 2676 307 2751 No.
321 2672 437 2753 5909.

233 2775 446 2813 Μ

498 2876 651 2966 lancta
678 2875 957 2964 Cnnrcrnrio.

300 3059 431 3136 Epicteti
446 3058 553 3115 Camer.
570 3077 598 3130 6.
610 3056 677 3133 699.
688 3056 743 3127 (ed.
756 3056 845 3111 Lond.
862 3055 911 3111 lib.
925 3053 972 3111 lv.
990 3075 1035 3130 cp.
1050 3054 1131 3126 dib).

1085 2685 1119 2747 2.
1138 2675 1201 2740 166.

1075 2770 1214 2799 Μ

233 3216 457 3298 Clarissimo
480 3215 557 3288 riro
580 3211 782 3286 eruditione
803 3222 835 3283 et
862 3212 990 3284 virtute
1010 3214 1221 3310 praestanti

282 3321 311 3394 I
316 3316 524 3394 anthimo
548 3307 720 3392 Camer.
738 3312 867 3413 fratri
879 3338 948 3385 suo
965 3314 1169 3404 carissimo,

233 3457 283 3548 S·
307 3470 353 3543 D.
404 3466 636 3540 Accessissem
658 3466 702 3535 ad
730 3484 808 3548 666,
833 3461 863 3530 61
886 3485 1009 3532 comus
1030 3486 1148 3547 meus,
1178 3476 1219 3533 ut

233 3577 419 3655 iusseram,
451 3570 600 3638 reiectus
621 3566 760 3643 luisset,
794 3586 995 3655 quanquam
1015 3576 1048 3631 et
1064 3565 1218 3634 doctoris

231 3669 436 3746 Laurentii
454 3668 645 3762 expectatio
668 3659 837 3735 nonnihil
860 3688 915 3732 me
940 3664 1098 3738 retinuit.
1148 3661 1219 3734 Ia-

233 3775 342 3848 cobus
358 3769 397 3871 *)
419 3772 638 3845 Pomeranus
654 3765 836 3859 epistolam
858 3765 983 3850 mittit,
1010 3789 1116 3857 quam
1135 3761 1218 3837 huic

233 3897 354 3953 nostro
375 3872 531 3948 auditori
554 3869 704 3953 tradidi,
737 3861 827 3934 mibi
850 3865 1023 3954 significat
1045 3866 1219 3936 diiudica-

233 3985 367 4054 tionem
389 3988 548 4047 nostram
563 3969 701 4068 Synodi
722 3966 899 4056 suffragiis
912 3969 1005 4058 apud
1022 3990 1104 4036 suos
1121 3993 1219 4038 com-

232 4086 416 4176 probatam
432 4100 525 4162 esse,
548 4087 583 4144 et
600 4067 796 4168 Artopeum
812 4068 953 4138 cessisse
967 4066 1104 4162 Synodi
1123 4070 1220 4140 iudi-

233 4186 307 4267 616,
338 4182 400 4274 qui
423 4182 567 4248 videtur
587 4172 677 4245 mibi
700 4195 774 4242 non
797 4169 979 4239 dissimilis
994 4161 1219 4246 Calmanno.

233 4281 390 4355 Manius
415 4271 663 4349 candidissime
687 4273 870 4369 probavit,
901 4293 968 4340 nec
992 4295 1075 4342 6666
1097 4273 1220 4343 audivi

232 4390 278 4458 ab
296 4386 371 4456 ullo
392 4392 545 4452 taxatum
569 4402 653 4455 esse.
705 4376 765 4448 Tu
781 4372 1089 4469 siqutdaodivisti
1108 4374 1220 4465 signi-

231 4493 323 4564 lices.

307 4587 434 4661 Edidit
449 4574 662 4679 Staphylus
677 4577 934 4650 atrocissimum
950 4577 1119 4668 6661666666
1134 4603 1219 4648 666-

231 4710 285 4765 666
313 4687 489 4763 Ε66166166
519 4697 675 4763 6666666,
714 4693 852 4749 tantum
882 4678 1110 4749 declamitaos
1137 4674 1219 4774 6661

231 4789 429 4890 ἀναρχίας,
456 4805 528 4885 quo
547 4785 586 4855 in
602 4803 730 4874 genere
744 4779 811 4851 scis
829 4803 896 4851 nec
909 4780 1037 4860 verba,
1063 4804 1127 4849 nec
1141 4804 1217 4850 ma·

230 4894 356 4968 teriam
373 4896 507 4977 deesse,
532 4913 598 4959 nec
619 4876 745 4978 πάθη,
780 4880 886 4952 ctiam
904 4880 1218 5000 16166611666166·

228 5001 285 5071 tis.
335 4992 594 5067 Communibus
616 4985 746 5058 hostib.
762 4989 912 5077 parcunt
929 4977 972 5053 'oi
993 4983 1217 5076 πολυφημου

228 5097 313 5186 vioi,
336 5120 401 5169 666
419 5097 570 5166 16666666
586 5086 846 5161 non'desinuut.
874 5084 1013 5154 Turc‘os
1028 5085 1217 5171 procedere

226 5207 264 5275 in
279 5199 466 5275 Pannonia
486 5208 639 5276 certum,
663 5193 795 5264 interea
816 5180 894 5282 ἤλις
912 5178 976 5257 καὶ
996 5179 1129 5278 μεθύει
1152 5182 1217 5259 καὶ

229 5381 455 5413 ..ν-...-

250 5481 281 5555 ⁸)
302 5483 433 5556 11666ρσ6.

1995 1102 2204 1199 Ρ161116666.

1482 1329 1718 1342 *nv-...0-

2060 1486 2120 1556 (in.
2147 1480 2259 1561 anno.)

1264 1566 1434 1593 ῸΝ
2071 1569 2252 1601 Μ

1461 1618 1462 1621 i
1548 1668 1598 1755 G.
1628 1668 1955 1758 Bartholzero.

1327 1853 1347 1911 †
1365 1845 1402 1897 Ex
1417 1861 1512 1917 apogr·
1526 1842 1554 1896 in
1568 1842 1630 1898 cod.
1643 1840 1729 1898 Paris.
1745 1844 1782 1899 D.
1793 1842 1824 1901 L.
1840 1845 1874 1900 51
1884 1850 1908 1901 ².

1470 1959 1674 2094 Georgia
1701 1996 2042 2077 Buchholzero.

1265 2135 1311 2224 S.
1337 2147 1382 2220 D.
1434 2147 1644 2222 Venerande
1659 2153 1714 2223 vir
1730 2168 1765 2225 et
1779 2156 1897 2229 cariss.
1916 2159 2034 2233 irater.
2086 2155 2261 2253 Evange-

1266 2253 1353 2321 lium
1376 2265 1428 2322 est
1447 2255 1604 2342 potentia
1626 2255 1696 2324 Dei
1720 2258 1765 2324 ad
1788 2257 1936 2327 salutem
1960 2261 2061 2330 omni
2082 2264 2259 2341 credenti.

1266 2353 1358 2422 Tota
1382 2354 1490 2442 igitur
1512 2354 1681 2426 divinitas
1699 2381 1781 2425 vere
1797 2361 1913 2444 adest,
1946 2375 1979 2430 et
2005 2375 2056 2432 est
2078 2363 2202 2435 efficax
2220 2367 2260 2437 in

1266 2454 1432 2524 omnibus
1465 2457 1641 2553 gradibus¹
1662 2457 1871 2545 ministerii,
1909 2461 2075 2534 videlicet
2104 2482 2257 2539 sonante

1266 2578 1353 2625 6666
1376 2552 1563 2646 Evangelii
1593 2573 1627 2630 et
1656 2559 1692 2627 in
1715 2583 1781 2629 usu
1809 2559 2134 2636 sacramentorum.
2185 2566 2260 2640 Sed

1267 2659 1355 2726 ordo
1371 2659 1624 2733 consideretur.
1675 2658 1788 2732 Filius
1813 2663 1947 2752 profert
1959 2661 2198 2758 Evangelium
2217 2695 2260 2743 ex

1267 2758 1350 2827 sinu
1376 2760 1509 2828 aeterni
1529 2760 1636 2852 patris
1658 2775 1692 2833 et
1706 2764 1862 2834 ostendit
1877 2780 2034 2861 patrem,
2077 2767 2130 2841 lta
2149 2770 2260 2842 simul

1267 2858 1367 2929 adest
1395 2874 1551 2950 pateret
1581 2887 1643 2954 per
1663 2863 1777 2933 lilium
1802 2866 1861 2937 dat
1892 2867 2058 2959 spiritum
2081 2885 2259 2949 sanctum.

1267 2958 1364 3030 11666
1386 2962 1453 3052 6116
1477 2963 1644 3033 omnibus
1666 2964 1858 3037 certissima
1880 2983 1973 3043 sunt.
2024 2967 2073 3042 Et
2089 2973 2179 3042 utile
2193 2987 2260 3061 est,

1268 3063 1489 3133 considerare
1515 3056 1726 3135 descrimine
1753 3069 1863 3158 patris
1896 3084 1931 3141 66
1958 3071 2022 3139 11111
2047 3086 2080 3141 66
2106 3073 2259 3165 66161666

1267 3165 1397 3247 666661,
1430 3166 1618 3256 dequibus
1641 3166 1680 3234 in
1698 3163 1869 3239 Examine
1887 3170 2020 3265 aliquid
2041 3172 2126 3248 dixi.
2178 3174 2260 3247 Nee

1268 3264 1388 3353 negari
1410 3278 1542 3355 potest,
1583 3267 1698 3358 ipsuur
1724 3270 1837 3340 lilium
1861 3274 1978 3341 adesse
2000 3272 2038 3341 in
2062 3275 2259 3364 baptismo,

1268 3367 1350 3460 quia
1376 3389 1534 3460 expresse
1560 3369 1713 3459 dicitur:
1748 3371 1931 3463 baptisaho
1961 3370 2023 3442 666
2054 3374 2092 3443 16
2117 3374 2259 3467 spiritu

1268 3480 1388 3538 sancto
1408 3482 1442 3539 et
1456 3469 1540 3559 igni.
1573 3466 1620 3542 Et
1632 3472 1809 3544 invocatio
1825 3474 1955 3564 patris,
1978 3473 2089 3555 1111166
2103 3473 2261 3571 spiritus

1268 3568 1381 3638 sancti
1404 3571 1443 3638 in
1466 3570 1642 3664 baptismo
1663 3566 1912 3649 testimonium
1920 3590 1970 3647 est
1985 3578 2029 3647 de
2048 3577 2262 3669 6666666616.

1268 3669 1338 3741 Sed
1353 3671 1561 3762 interrogas:
1592 3671 1892 3761 liodemnemodo
1906 3679 2005 3748 adest
2019 3678 2057 3747 in
2081 3679 2261 3769 baptismo

1270 3773 1360 3841 etin
1383 3797 1490 3843 coena
1505 3774 1624 3845 iilius?
1648 3774 1875 3868 Respondeat
1902 3781 1998 3873 quod
2021 3781 2067 3849 ad
2091 3781 2262 3854 effectum

1268 3873 1394 3945 attinet
1408 3877 1503 3946 adest
1519 3875 1686 3948 divinitas
1709 3879 1832 3947 eodem
1847 3881 1954 3951 modo
1969 3895 2119 3952 sonante
2135 3878 2261 3954 Evau-

1268 3976 1360 4065 gelio
1377 3989 1410 4046 et
1425 3976 1462 4043 iu
1479 4002 1546 4047 usu
1563 3995 1877 4064 sacramentorum,
1903 3983 1962 4051 sed
1978 3985 2108 4053 modus
2125 4000 2259 4057 utcun-

1269 4101 1337 4168 que
1352 4078 1502 4145 discerni
1521 4092 1643 4171 potcst.
1687 4077 1728 4148 ln
1745 4083 1918 4172 baptismo
1934 4085 2032 4153 adest
2045 4082 2142 4154 filius
2157 4101 2200 4158 ut
2218 4087 2260 4156 ad

1268 4179 1586 4266 regenerationem,
1614 4181 1650 4248 in
1671 4206 1799 4272 coena,
1823 4198 1861 4253 ut
1877 4186 1918 4252 ad
1936 4186 2049 4254 renati
2066 4188 2261 4258 confirma·

1267 4279 1400 4348 tionem
1418 4303 1477 4348 seu
1495 4282 1778 4368 nutricationem,
1800 4285 1918 4377 inqua
1936 4298 2093 4370 testatur,
2117 4311 2156 4357 66
2168 4290 2260 4360 assi·

1268 4382 1337 4451 due
1353 4381 1390 4448 iu
1407 4383 1510 4450 nobis
1529 4394 1566 4450 ut
1588 4384 1623 4450 in
1643 4386 1810 4454 membris
1825 4388 1897 4455 suis
1912 4387 2084 4459 efficacem
2104 4412 2204 4477 esse,
2230 4403 2263 4462 66

1268 4504 1335 4551 666
1361 4484 1474 4551 166666
1496 4483 1565 4552 61161
1588 4485 1761 4572 666661666;
1802 4488 1894 4559 sicut
1917 4489 2048 4581 iuquit:
2088 4513 2154 4582 ego
2181 4515 2262 4562 sum

1268 4584 1367 4665 vitis,
1401 4607 1464 4653 vos
1488 4586 1657 4676 palmites.
1711 4583 1763 4657 Ac
1788 4589 1916 4683 loquor
1932 4591 1976 4659 de
1999 4594 2202 4682 praeseutia
2222 4595 2261 4664 iu

1267 4698 1437 4753 sumente.
1488 4683 1587 4755 Nibil
1610 4687 1704 4756 enim
1728 4685 1834 4761 habet
1851 4692 2021 4760 rationem
2044 4695 2262 4765 sacramenti

1266 4798 1360 4852 extra
1383 4808 1485 4854 usum
1503 4786 1716 4858 institutum.
1769 4789 1950 4862 Removeo
1974 4789 2258 4889 ἀρτολατρείαν.

1265 4881 1515 4957 Eruditissimc
1536 4886 1668 4959 Paulus
1697 4890 1829 4986 iuquit:
1873 4895 1974 4984 panis
2002 4910 2054 4967 est
2073 4891 2260 4968 κοινωνία

1266 4979 1455 5077 σώματος,
1482 5014 1555 5081 quo
1575 4992 1670 5063 dicto
1691 4993 1856 5079 affirmat:
1892 5011 1989 5066 extra
2013 4997 2261 5090 sumptionem

1264 5113 1390 5179 panem
1415 5115 1489 5161 non
1516 5088 1647 5163 habere
1670 5095 1843 5167 rationem
1872 5100 2101 5185 sacramenti,
2133 5100 2261 5171 sedin

1264 5190 1339 5282 ipsa
1364 5194 1686 5268 communicatione
1708 5197 1836 5289 pignus
1857 5222 1947 5281 esse,
1972 5224 2044 5294 quo
2064 5201 2261 5290 inserimur

1262 5357 1485 5370 *οι-,-

1271 5463 1329 5532 -.*)
1346 5461 1558 5521 Fsrdinsndaat.
