4776 6024
844 138 850 173 l

60 377 65 384 .
170 309 248 388 ssa
744 280 1180 381 ansromaon
1224 297 1450 382 ·o1n.xn.
1505 301 1637 387 sess.
2133 288 2217 386 'ss-e

158 486 219 557 -sit
244 470 471 553 reconciliata
494 493 529 552 et
553 493 693 573 accepta
718 479 817 568 Deo,
852 481 897 551 ad
920 479 1030 553 vitam
1052 491 1165 550 aeter·
1216 487 1268 546 est
1287 472 1425 548 castitas
1443 473 1582 570 Ioseph.
1633 476 1765 550 Placet
1778 479 1874 549 enim
1895 503 2046 572 persona
2069 479 2213 576 losephi

173 610 257 655 nam
279 595 424 676 propter
446 583 653 654 mediatoris
675 584 932 668 obedientiam,
958 585 1046 666 fide,
1067 581 1165 651 iuxta
1217 601 1281 669 per
1299 578 1577 649 misericordiam
1602 597 1747 673 propter
1775 583 1989 673 promissum
2013 580 2226 669 caustum

173 689 310 758 dictum
326 682 489 755 Danielis
511 698 545 757 et
568 687 714 756 similia:
741 710 814 755 non
836 694 983 782 propter
1000 679 1166 753 iustitias
1217 681 1305 759 fido,
1341 683 1461 768 gratis.
1510 679 1634 752 Postea
1660 684 1765 753 etiam
1788 685 1927 754 castitas
1943 687 1981 754 in
2002 709 2043 757 eo
2061 699 2113 757 εει
2134 688 2213 758 vir-

174 795 342 872 nostrus,
372 780 439 855 sed
464 810 530 884 per
558 784 849 861 misericordium
878 795 1025 884 propter
1048 779 1166 853 domi-
1218 795 1274 859 tus
1288 804 1432 850 accensa
1448 806 1467 852 a
1483 779 1559 853 Deo
1575 779 1797 855 inhabitante
1812 786 1851 854 in
1866 786 1963 876 ipso,
1989 800 2023 858 ει
2037 790 2213 859 obediet»

176 913 264 961 num
292 882 434 957 exaudi
461 912 540 963 nos.
589 886 667 962 Etsi
694 884 831 960 habitat
860 886 956 959 Deus
985 888 1024 956 in
1052 883 1167 968 Mose,
1219 883 1266 951 tia
1290 882 1365 951 cius
1387 879 1551 955 inchoata
1570 881 1615 981 ³⁴)
1639 887 1847 958 nominatur
1868 889 2022 975 iustitia,
2055 892 2138 983 qnia
2158 905 2214 965 est

175 989 278 1079 Elia,
313 988 470 1075 Davide,
509 987 634 1076 Esaia,
672 988 839 1074 Daniele,
879 988 1005 1075 Petro,
1043 986 1168 1071 Paulo,
1218 979 1398 1055 inchoatio
1416 987 1519 1074 legis,
1545 987 1583 1055 in
1609 1012 1669 1073 eo,
1694 984 1813 1081 qui³⁸)
1839 990 1951 1080 placet
1969 1005 2116 1083 propter
2133 1018 2213 1064 me-

178 1101 295 1164 tamen
323 1085 363 1160 hi
393 1114 516 1161 omnes
540 1092 714 1176 fatentur'·‚
747 1116 783 1160 se
806 1093 917 1163 iustos
946 1115 1019 1185 esse
1048 1111 1167 1159 coram
1218 1085 1411 1165 diatorem,
1442 1101 1483 1155 ut
1508 1090 1526 1157 1
1553 1086 1646 1159 Petr.
1667 1087 1714 1164 11.
1737 1090 1884 1161 dicitur:
1920 1085 2045 1193 offerte
2065 1085 2215 1167 hostias

176 1192 274 1278 Deo,
304 1216 379 1262 non
399 1206 545 1284 propter
574 1189 869 1265 inhabitationem
881 1186 926 1288 ²⁰)
956 1193 1075 1276 illam,
1106 1213 1168 1260 seu
1220 1182 1435 1283 spirituales
1457 1184 1544 1256 hene
1562 1187 1747 1286 placentes
1769 1187 1854 1260 Deo
1872 1214 1937 1290 per
1953 1191 2079 1263 Iesum
2094 1189 2213 1266 Chri-

180 1295 382 1366 effectiones
406 1293 485 1382 illas
510 1318 574 1364 sen
595 1297 806 1381 novitatem,
840 1297 901 1365 sed
926 1308 1071 1387 propter
1092 1315 1168 1360 me·-
1218 1295 1326 1360 stum.
1367 1286 1441 1358 Nec
1455 1303 1572 1359 tamen
1587 1292 1746 1379 castitas,
1771 1307 1833 1364 aut
1850 1295 1988 1389 reliqua
2006 1298 2213 1369 obedientia

179 1396 327 1467 diatoris
349 1395 588 1466 obedientiam
613 1412 648 1469 et
672 1398 958 1467 intercessionem
976 1419 1040 1489 per
1061 1394 1169 1463 mise·
1220 1391 1258 1458 in
1283 1385 1430 1480 loseph,
1463 1404 1539 1463 erat
1572 1392 1724 1478 iustitia,
1757 1410 2035 1488 propterquam
2060 1420 2213 1490 persona

139 1534 141 1538 Δ
178 1497 389 1581 ricordiam‚
415 1497 498 1589 quia
520 1499 559 1566 in
582 1493 649 1567 hac
670 1500 741 1568 vita
764 1515 848 1570 sunt
866 1501 906 1568 in
930 1499 980 1568 eis
998 1495 1168 1590 reliquiae
1219 1506 1293 1563 erat
1308 1492 1417 1572 iusta,
1443 1506 1504 1563 aut
1520 1517 1609 1588 quae
1629 1498 1739 1587 possit
1751 1498 1887 1589 opponi
1903 1499 2036 1569 iudicio
2054 1499 2135 1576 Dei.

177 1598 323 1692 peccati.
371 1595 584 1691 Quanquam
604 1599 712 1690 igitur
726 1600 786 1669 illa
801 1601 939 1671 novitas
954 1600 1067 1690 placet
1082 1595 1169 1680 Deo,
1320 1590 1422 1662 Hanc
1445 1589 1637 1665 antithesin
1657 1598 1831 1687 dogmatis
1843 1595 2049 1670 Osiandrici
2074 1615 2107 1674 et
2128 1625 2212 1673 sen-

179 1715 219 1771 ut
243 1712 363 1792 postea
379 1700 535 1785 dicetur,
557 1713 674 1770 tamen
696 1702 828 1788 sciunt,
852 1702 891 1800 in
908 1700 1089 1771 infinitum
1104 1722 1169 1766 an·
1221 1693 1368 1762 tentiam
1394 1694 1859 1769 nostrarum'Ecclesiarum
1881 1703 2128 1789 recitavimus,
2169 1718 2213 1776 ut

178 1802 396 1872 teserendam
419 1824 491 1870 esse
516 1825 599 1870 snae
626 1800 775 1872 novitati
799 1803 1038 1873 obedientiam
1062 1814 1096 1869 et
1112 1801 1169 1867 in·
1219 1796 1331 1884 magis
1356 1798 1512 1888 conspici
1543 1798 1732 1891 praecipua
1758 1803 1916 1871 membra
1947 1806 2213 1876 controversiae

178 1904 425 1974 tercessionem
442 1902 669 1989 mediatoris,
693 1904 781 1976 sicut
799 1905 916 1998 inquit
931 1902 1078 1973 Paulus:
1104 1923 1168 1970 su·
1220 1898 1373 1986 possint,
1400 1912 1434 1968 et
1459 1913 1499 1971 ut
1520 1901 1759 1989 intelligatur,
1793 1928 1856 1972 cur
1872 1906 1995 1993 dogma
2013 1901 2214 1976 Osiandri-

64 2004 70 2009 ’
179 2029 263 2075 mus
277 2000 379 2073 electi
391 1998 435 2096 ³⁰)
452 2000 492 2070 in
510 1999 651 2074 dilecto.
695 2000 743 2073 Et
759 2000 889 2096 Ephes.
905 2006 957 2075 8.:
985 2025 1051 2099 per
1064 2023 1168 2100 quem
1218 2020 1299 2066 oum
1322 1998 1580 2090 improbemus:
1606 2004 1714 2074 simul
1732 2004 1837 2074 etiam
1861 2001 1947 2075 hinc
1969 2006 2118 2077 indicari
2141 2033 2213 2099 po-

179 2100 358 2176 hobemus
374 2126 555 2173 accessum
571 2100 611 2196 ³¹)
629 2103 669 2174 in
670 2098 818 2196 fiducia
833 2130 899 2203 per
908 2100 1020 2197 fidem
1038 2102 1167 2199 ipsius.
1220 2112 1286 2168 test
1301 2096 1362 2194 ³⁶),
1395 2095 1464 2170 hoc
1486 2117 1660 2173 certamen
1681 2130 1755 2183 non
1780 2130 1853 2176 esse
1875 2103 2120 2205 loyortuxt'uv,
2146 2112 2212 2180 sed

95 2196 98 2205 ’
281 2204 337 2274 De
355 2200 423 2274 hoc
446 2201 595 2276 articulo
618 2206 802 2299 praecipue
819 2208 962 2278 dimicat
978 2203 1168 2289 Osiander,
1219 2204 1493 2271 controversiam
1508 2207 1552 2273 de
1569 2207 1675 2289 rebus¹
1688 2209 1836 2296 magnis,
1854 2210 1897 2279 de
1915 2212 2057 2301 proprio
2072 2205 2212 2282 honore

182 2320 216 2379 et
232 2307 431 2391 contendit,
455 2300 636 2377 hominem
654 2309 786 2378 iustum
807 2333 879 2379 esse
897 2324 1041 2402 propter
1063 2302 1169 2375 inha-
1220 2313 1256 2370 ει
1270 2303 1385 2371 officio
1400 2306 1616 2391 mediatoris,
1644 2309 1687 2376 de
1701 2333 1782 2378 vera
1798 2310 2039 2381 consolatione
2057 2312 2211 2403 piorum,

179 2410 388 2479 bitationem
414 2405 501 2492 Dei,
539 2422 582 2479 ut
617 2409 690 2501 ipse
720 2409 896 2502 loquitur,
929 2435 991 2480 seu
1025 2422 1169 2500 propter
1218 2405 1263 2471 de
1285 2404 1490 2475 discrimine
1513 2432 1743 2499 personarum
1767 2411 1989 2497 divinarum,
2016 2415 2062 2483 de
2083 2414 2211 2483 discri-

109 2590 119 2605 ,
177 2508 295 2581 Deum
311 2505 583 2595 inhabitantem,
609 2535 683 2580 non
705 2524 850 2604 propter
863 2511 1067 2583 mediatoris
1081 2511 1169 2580 obe·
1218 2504 1314 2574 mine
1328 2504 1433 2594 Legis
1454 2520 1489 2576 et
1503 2505 1709 2600 Evangelii,
1737 2513 1780 2581 de
1796 2511 1978 2584 intellectu
1995 2516 2210 2606 propositio·

178 2612 369 2696 dientiam,
409 2635 485 2680 non
516 2611 690 2704 imputata
720 2613 857 2683 iustitia
880 2613 1084 2684 mediatoris
1104 2634 1169 2702 per
1217 2605 1289 2674 nis:
1311 2601 1393 2698 fida
1409 2603 1664 2700 iustr'ficomur.
1714 2610 1769 2682 Ne
1783 2614 1856 2709 ipse
1871 2616 2014 2708 quidem
2030 2613 2209 2687 Osiander

176 2712 471 2786 misericordiam.
507 2709 557 2784 Et
580 2713 872 2806 propositionem:
889 2709 971 2807 fide
989 2706 1168 2804 iustfico-
1218 2707 1332 2777 videri
1356 2709 1485 2796 voluit,
1513 2707 1576 2781 has
1601 2736 1680 2783 suas
1702 2713 1858 2785 rabiosas
1875 2718 2120 2790 contentiones
2137 2742 2209 2790 esse

177 2839 281 2901 mur,
306 2814 356 2885 sic
373 2813 586 2906 corrumpit:
612 2816 680 2887 fide
695 2812 1020 2912 praeparamur³²),
1041 2813 1168 2886 utalia
1217 2820 1355 2878 tentum
1371 2809 1614 2908 loyotht'dvs
1637 2838 1840 2908 quanquam
1855 2822 2005 2897 Unda
2021 2833 2055 2889 el
2069 2821 2209 2911 fugien-

177 2941 235 2997 re‚
267 2908 398 2985 scilicet
421 2907 644 3010 inhabitante
668 2914 745 2987 Deo
769 2918 853 2989 iusti
868 2919 997 2990 simus.
1056 2915 1168 2986 itare
1218 2912 1261 2979 da
1284 2925 1358 2980 erat
1380 2913 1454 2981 cius
1469 2916 1581 2985 forma
1597 2917 1787 3008 loquendi,
1809 2919 1946 2992 etiamsi
1962 2935 2051 2991 esset
2065 2934 2203 2993 tantum

178 3018 254 3108 ipsa
271 3014 374 3098 dicit,
405 3014 832 3117 quodPapistaedicunt,
864 3043 984 3089 sumus
1004 3018 1087 3088 iusti
1100 3042 1167 3085 no·
1216 3008 1435 3108 λογομαχία.
1485 3013 1560 3086 Cur
1589 3019 1684 3086 enim
1700 3015 1741 3114 ³⁷)
1771 3021 1876 3090 rebus
1903 3036 1996 3093 recte
2026 3024 2207 3115 explicatis

179 3120 308 3202 vitate,
333 3115 403 3184 nisi
418 3119 515 3209 quod
536 3118 698 3191 nominat
720 3144 877 3200 causam,
900 3121 964 3190 ubi
979 3119 1167 3189 nominant
1217 3113 1346 3185 offudit
1362 3109 1408 3209 ⁸³)
1421 3115 1613 3213 ,caliginem
1634 3120 1736 3190 novis
1759 3121 1903 3191 verbis?
1951 3120 2055 3196 Certe
2077 3126 2206 3195 ohscm

176 3217 340 3310 Papistae
370 3218 544 3287 effectum.
588 3217 719 3289 Sumus
749 3220 832 3291 iusti
862 3219 938 3291 Deo
968 3244 1034 3292 nos
1060 3244 1166 3291 reno·
1215 3229 1316 3284 ratur
1345 3217 1548 3288 mediatoris
1570 3219 1745 3304 officium,
1778 3245 1858 3291 cum
1884 3223 1985 3296 dicit:
2020 3221 2129 3296 homo
2155 3240 2208 3298 est

178 3335 295 3393 vante.
345 3315 511 3388 Detrahit
530 3320 640 3410 igitur
662 3314 835 3398 honorem,
851 3325 1008 3394 debitum
1031 3321 1165 3392 media.
1216 3315 1329 3385 iustus
1351 3319 1528 3389 essentiali
1553 3321 1704 3409 iustitia3
1738 3335 1778 3392 ει
1801 3325 2004 3395 discrimina
2032 3351 2208 3417 persona-

177 3423 266 3507 tori,
299 3432 333 3490 et
355 3420 520 3490 obscurat
541 3420 822 3511 magnitudinem
847 3425 996 3515 peccati,
1022 3437 1055 3494 et
1071 3424 1165 3493 delet
1215 3440 1296 3486 rum
1316 3419 1519 3490 divinamus
1544 3423 1831 3511 contruduntur,
1866 3440 1899 3497 ει
1918 3428 2108 3497 verborum
2131 3430 2206 3499 ob-

178 3520 457 3593 consolatio'nem
496 3522 722 3616 praecipuam
770 3524 912 3617 piorum
953 3539 987 3596 ει
1021 3526 1166 3595 adducit
1217 3519 1363 3589 scuritas
1380 3534 1414 3592 ct
1436 3522 1499 3593 illa
1514 3516 1698 3616 θαύματα
1713 3519 1894 3620 ῥημάτων
1914 3529 2062 3620 gignant
2079 3529 2118 3597 in
2136 3535 2207 3621 p‘o·

177 3650 238 3696 eos
252 3620 295 3719 ³³)
325 3622 364 3691 in
395 3637 599 3714 perpetuam
627 3624 898 3699 dubitationem.
956 3626 1039 3698 Non
1069 3627 1164 3697 enim
1214 3622 1300 3712 pulo
1317 3622 1475 3694 diversas
1489 3626 1687 3716 opiniones,
1711 3631 1808 3700 unde
1826 3631 1994 3702 oriuntur
2009 3631 2207 3702 discordiae

176 3728 289 3819 pote'st
305 3745 378 3794 esse
393 3725 498 3810 fides,
522 3725 593 3795 nisi
609 3725 789 3823 intueatur
810 3730 1079 3821 promissionem
1096 3728 1165 3797 mi·
1214 3722 1394 3814 publicae,
1420 3727 1601 3814 factiones,
1624 3730 1718 3811 odia,
1742 3743 1940 3802 contemtus
1957 3732 2205 3804 ministrorum

175 3824 388 3898 soricordtae
418 3827 463 3895 de
493 3827 698 3901 mediatore.
756 3829 829 3900 Nec
858 3848 909 3905 est
941 3827 1165 3916 inhabitatio,
1213 3836 1307 3895 recte
1319 3838 1354 3895 ει
1371 3827 1579 3919 simpliciter
1594 3831 1810 3916 docentium,
1835 3845 1872 3904 ει
1885 3833 1953 3902 alia
1971 3836 2096 3918 multa,
2114 3856 2205 3928 quae

176 3930 245 3999 nisi
268 3925 335 3997 hac
359 3925 428 3995 fide
452 3941 590 4021 accepta
614 3929 659 3998 sit
683 3931 889 4007 consolatio.
940 3929 993 4003 Ac
1016 3956 1164 4023 praepo·
1212 3926 1407 4006 discordias
1424 3930 1584 4022 publicas
1599 3933 1824 4008 comitantur.
1875 3932 1994 4022 Quare
2012 3935 2205 4006 fldeliani·

174 4046 265 4102 stera
288 4029 343 4099 via
367 4029 518 4097 docendi
542 4042 610 4099 est:
645 4032 745 4122 prius
767 4036 907 4103 eredere
930 4024 1162 4123 inhabitatio·
1215 4053 1272 4097 ¹¹1⁰
1307 4033 1494 4107 suademus
1526 4036 1691 4104 omnibus
1726 4036 2026 4126 gubernatoribus
2058 4037 2205 4131 ubique,

174 4156 276 4211 nem,
302 4141 419 4220 postea
435 4126 679 4201 remissionem
701 4141 932 4223 peccatorum.
981 4131 1072 4205 Cum
1094 4135 1163 4225 igi·
1213 4129 1429 4219 ostiarium,
1463 4131 1503 4201 in
1526 4130 1694 4206 Ecclesiis
1716 4138 1790 4207 suis
1810 4130 1980 4207 hactenus
2003 4138 2203 4209 doctrinam

174 4246 234 4304 tur
250 4244 285 4302 et
298 4230 427 4298 falsum
443 4230 489 4300 sit
505 4225 750 4306 hocOsiandri
765 4239 904 4326 dogma,
930 4245 965 4306 et
978 4236 1161 4307 conscien-
1210 4226 1396 4329 Evangelii
1413 4245 1506 4305 reete
1521 4237 1687 4308 traditam
1703 4260 1786 4323 esso,
1812 4241 2063 4310 neadmittan't
2080 4241 2204 4310 delen·-

174 4335 234 4407 tiis
250 4330 508 4427 perniciosum,
540 4333 746 4425 fugiendum
762 4351 796 4406 et
812 4338 1055 4409 damnandum
1073 4350 1134 4408 est.
1210 4332 1346 4401 tionem
1367 4329 1575 4407 Osidndriti
1597 4340 1787 4430 dogmatis,
1827 4338 1964 4410 etiami
1986 4343 2068 4435 qt¹i⁸
2097 4335 2204 4441 [¹⁸³⁶-

272 4426 467 4522 Qn'omodo
487 4446 604 4505 autem
625 4438 765 4523 novitas
788 4437 827 4507 in
850 4438 981 4510 renatis
995 4440 1041 4510 sit
1057 4440 1160 4511 iusti·
1209 4429 1308 4531 tum]
1324 4429 1368 4530 ³⁹)
1392 4430 1458 4506 hac
1482 4440 1704 4511 excusatione
1726 4441 1781 4511 uti
1806 4442 1909 4528 velit,
1935 4445 2036 4536 'quod
2060 4450 2203 4513 tantum

169 4539 240 4622 tia,
264 4534 405 4628 copiose
421 4531 604 4606 in'nostris
620 4534 788 4607 Eccleaiis
803 4539 1011 4614 declaratur.
1046 4538 1156 4612 Aliud
1210 4537 1399 4606 veriorum
1419 4539 1593 4612 diversio
1616 4542 1683 4626 θὶῑ,
1712 4542 2204 4636 etquaeffli'fflntissnitib·

109 4654 115 4664 '
169 4653 240 4721 est,
266 4661 337 4733 quo
360 4661 509 4729 persona
526 4634 654 4731 loseph
676 4638 766 4709 iusta
791 4655 843 4713 εει
864 4666 982 4714 coram
999 4643 1094 4723 Deo,
1119 4645 1157 4713 id
1209 4639 1487 4727 terpretationes.
1536 4640 1639 4712 Certe
1656 4644 1719 4737 qni
1736 4645 2126 4725 definitionedissidet‚
2153 4646 2202 4715 ri·

169 4754 221 4811 est
241 4740 467 4813 reconciliata
490 4752 527 4811 ει
539 4741 621 4811 Deo
636 4755 776 4836 accepta
792 4766 856 4815 seu
872 4746 1032 4836 placens3
1059 4745 1157 4815 aliud
1209 4752 1281 4807 tota
1298 4763 1336 4807 re
1351 4739 1525 4812 dissentit·
1575 4742 1716 4824 Scimur
1731 4747 1896 4838 ambigue
1912 4748 2005 4819 dicti
2021 4771 2095 4821 non
2113 4769 2204 4840 pm·

172 4934 388 4954 -..Ι-Η..-
1209 4928 1431 4942 -ν--ι--υ

787 4976 791 4983 ,
949 4966 954 4979 ι

114 5071 120 5084 “
196 5060 246 5133 29)
263 5059 317 5135 Sis
327 5059 392 5118 cod.
409 5057 495 5117 Goth.
513 5060 554 5118 19.
570 5038 857 5134 pro‘tttiasuraneu.
1238 5045 1285 5115 84)
1304 5045 1373 5107 Cod.
1390 5046 1474 5107 Goth.
1494 5050 1537 5110 19.
1554 5062 1706 5112 renouato.

169 5138 358 5217 ''¹¹⁰5'th
376 5144 438 5202 cod.
455 5142 543 5203 Goth.
556 5145 599 5203 19.
616 5142 667 5222 pro
684 5149 786 5203 deiecti.
1235 5133 1281 5204 85)
1298 5133 1374 5191 Text.
1390 5134 1516 5210 impreco.
1532 5140 1800 5211 abdcouto'legisin
1816 5152 1864 5211 rr,
1887 5145 1968 5212 qua.

193 5232 238 5303 81)
259 5231 330 5289 cot:
349 5229 433 5288 Goth.
451 5229 495 5286 19.
516 5234 656 5289 laudemus
672 5250 819 5291 mmm
841 5220 1150 5319 prodarrd'e'mm.
1235 5217 1281 5288 86)
1300 5218 1378 5279 Τειι.
1393 5222 1481 5319 impr.
1495 5227 1596 5291 penu.

136 5334 139 5339 ·
225 5306 303 5356 dere.
1068 5320 1072 5327 ·
1234 5304 1280 5374 87)
1297 5302 1374 5358 Text.
1392 5323 1475 5376 impr.
1492 5322 1569 5363 uero.

64 5416 68 5422 ·
189 5387 237 5459 32)
247 5388 311 5458 fide
321 5373 545 5458 praeparamur]
562 5402 621 5441 noo
637 5372 766 5461 leguntur
781 5382 812 5449 in
830 5386 896 5449 cod.
915 5384 998 5445 Goth.
1009 5382 1051 5445 19.
1233 5388 1279 5457 88)
1297 5387 1368 5442 cod.
1381 5387 1470 5444 Goth.
1484 5388 1524 5444 19.
1541 5384 1683 5458 offudit}-

83 5484 86 5489 ·
186 5471 233 5542 oo
250 5470 321 5535 ,osa
340 5468 483 5532 osum.
501 5452 707 5545 moestu.
1231 5472 1469 5546 massono
1487 5464 2040 5548 romasufflsotrsrsmusum.
2138 5544 2140 5549 ,
