4776 6024
188 414 192 419 -
226 358 304 434 299

815 344 1251 426 EPISTULARUM
1304 346 1514 425 matut.
1564 345 1698 425 1664.

2187 360 2262 435 600

229 526 374 618 coniugi
387 540 421 597 et
435 526 539 599 liliae.
589 522 678 594 Heri
696 523 817 593 endem
836 518 923 593 bora
948 516 1020 592 hoc
1042 530 1220 593 venerunt
1273 518 1407 589 tionem
1424 519 1538 590 nostri
1554 520 1706 611 agminis
1721 544 1896 607 amemus,
1922 536 1967 606 et,
1993 536 2166 618 quantum
2183 552 2268 621 poe.

228 626 409 724 Sligalias
425 641 460 697 et
482 649 581 696 mens
597 639 754 716 generet
768 618 916 695 Paulas
933 619 1091 697 Ederae.
1142 619 1221 691 llo·
1271 644 1404 709 sumus,
1428 636 1602 696 tueamur.
1643 621 1792 692 Prodest
1810 625 1914 693 etiam
1931 621 2111 697 Ecclesiae
2125 641 2161 700 et
2175 626 2269 703 Rei-

226 752 309 803 rum
331 742 537 822 conspectus
565 741 685 818 gratus
706 727 775 796 fuit
803 727 908 798 nobis
935 725 1113 797 omnibus.
1166 719 1221 789 Te
1272 723 1452 814 publicae,
1486 727 1650 794 docentes
1680 737 1713 794 et
1735 724 1925 794 sententiis
1956 741 1991 797 et
2019 728 2269 803 benevolentia

105 880 110 891 ·
227 854 370 925 quoque
400 830 527 899 vellem
555 853 626 900 una
650 828 851 912 advenisse,
885 851 958 896 non
983 828 1065 919 quie
1093 823 1222 893 referat
1272 824 1480 895 coniunctos
1494 848 1581 895 esse:
1607 848 1647 894 ac
1663 825 1702 894 in
1718 820 1773 895 bis
1789 827 1851 920 qui
1868 840 1953 897 sunt
1966 829 2045 898 sine
2059 832 2270 921 ambitione,

228 928 414 1003 historiam
432 931 559 1026 synodi
575 953 794 1020 cognoscere,
816 952 921 1020 quam
940 927 1020 996 istic
1034 926 1137 1014 leges,
1159 923 1221 991 sed
1272 925 1508 997 durabiliores
1521 939 1605 996 sunt
1618 928 1804 1001 amicitiae.
1843 926 1906 997 Pie
1923 929 2032 1019 igitur
2046 931 2144 1018 lacis,
2169 938 2269 1028 qnod

227 1034 311 1129 quia
337 1028 493 1124 hospites
511 1030 607 1100 viros
631 1027 797 1101 honestos
827 1042 862 1098 et
886 1030 1009 1098 doctos
1035 1025 1156 1095 videre
1186 1034 1231 1093 et·
1271 1025 1453 1096 interdum
1468 1030 1512 1098 de
1525 1028 1771 1098 benevolentia
1783 1040 1843 1099 tue
1861 1030 1905 1099 ad
1923 1052 1989 1101 nos
2004 1032 2141 1109 scribis.
2176 1034 2267 1109 Mit-

224 1133 353 1205 audire
370 1154 435 1203 nec
450 1134 597 1201 insuave
612 1155 676 1201 nec
688 1130 817 1201 inutile
834 1143 896 1203 est.
945 1126 1043 1199 Bene
1059 1138 1094 1197 et
1107 1123 1222 1219 felici-

227 1244 285 1305 ter
317 1234 405 1307 vale.
465 1232 621 1306 Salutem
658 1245 742 1325 opto
776 1231 878 1300 vobis
911 1229 1091 1302 omnibus.
1150 1226 1222 1296 Die

228 1332 294 1406 20.
319 1332 420 1403 Maii.

286 1450 289 1455 ·
971 1422 1170 1522 Philippus.

229 1646 984 1663 mumm-

241 1794 310 1871 No.
325 1792 439 1868 6616.

237 1892 451 1928 Μ
504 1978 571 2066 Μ.
599 1974 934 2097 Mcicaburpr'o.

331 2154 418 2230 ssptst.
437 2152 486 2210 lib.
503 2153 538 2211 V.
555 2170 584 2226 p.
601 2153 653 2208 667
669 2169 711 2222 sq.
1202 2178 1208 2185 -

232 2306 293 2385 M
297 2306 380 2385 ich.
407 2306 759 2402 Malandargt'm
784 2300 946 2382 Consali
961 2303 1222 2388 Norlhasano.

234 2450 283 2539 S.
307 2462 352 2534 D.
407 2459 637 2550 lntegerrime
650 2459 716 2530 vir.
765 2455 857 2531 Cum
880 2460 1098 2530 venissemus
1113 2455 1221 2533 Nao-

232 2563 409 2659 btsrgum,
439 2561 608 2654 postridie
631 2575 804 2632 venerunt
824 2557 1000 2647 Hessiaci‚
1033 2575 1068 2631 et
1088 2585 1130 2630 ex
1150 2558 1222 2631 Ar-

232 2679 415 2759 gentorato
432 2654 676 2732 Schledaaus.
729 2659 854 2732 Postea
875 2662 1036 2756 quamvis
1057 2663 1107 2733 ibi
1124 2687 1221 2733 com-

231 2767 362 2837 morati
394 2786 516 2836 sumus
545 2765 621 2833 dies
653 2763 788 2831 decem:
823 2775 940 2833 tamen
971 2787 1076 2832 nemo
1111 2765 1221 2837 venit.

234 2866 330 2957 Quia
362 2867 470 2957 igitur
496 2865 597 2955 pauci
624 2862 832 2948 adsuerunt,
869 2877 904 2933 et
928 2864 1021 2932 inter
1046 2887 1124 2945 eos,
1158 2865 1220 2959 qui

234 2956 397 3050 aderant,
420 2967 519 3035 nulla
538 2978 587 3034 est
601 2963 784 3047 dissensio,
809 2988 882 3033 uon
899 2965 1001 3054 longa
1016 2965 1083 3034 luit
1098 2967 1220 3057 dispu-

234 3069 333 3140 tatio.
381 3064 495 3136 Filius
509 3057 689 3135 Michae'l
703 3065 812 3137 mittit
827 3058 966 3158 actal').
1010 3059 1221 3160 Landgra-

235 3169 316 3238 sa'as
338 3168 501 3238 mandata
518 3168 661 3236 dederat
682 3165 773 3249 suis,
800 3180 840 3236 ut
861 3167 891 3235 si
907 3167 1142 3237 dissensiones
1163 3169 1220 3236 in-

1081 1800 1221 1920 Q

235 3271 403 3354 riderent,
428 3291 473 3338 ne
488 3293 557 3339 sea
574 3264 738 3339 Saxonici
755 3262 928 3337 Electoris
945 3266 1084 3356 Legatis
1101 3268 1221 3338 seiun-

124 3430 137 3451 .
233 3384 372 3461 gerent,
397 3371 493 3465 quod
507 3370 575 3439 luit
588 3367 755 3437 omnibus
773 3368 1066 3462 nostrisgratum.
1107 3368 1221 3439 Filius

232 3474 303 3541 iem
325 3471 437 3541 libros
459 3493 540 3540 suos
564 3469 743 3539 transtulit
759 3468 797 3538 in
820 3493 931 3539 meam
956 3465 1220 3545 habitationem.

234 3570 374 3667 Stylnm
410 3571 486 3641 cius
527 3571 758 3640 considerabo
791 3570 1010 3665 aliquandiu.
1076 3568 1123 3643 Et
1156 3598 1219 3654 pro

114 3744 123 3763 ,
231 3668 370 3758 Deum,
395 3664 435 3742 tit
457 3695 519 3742 vos
538 3686 571 3741 et
592 3685 726 3740 vestros
740 3695 864 3740 omnes
879 3686 991 3741 servet
1013 3671 1220 3745 incolumes.

231 3769 330 3844 Beue
345 3788 377 3844 et
392 3774 542 3844 feliciter
557 3772 678 3841 valete.
732 3768 800 3842 Die
816 3769 851 3842 6.
870 3771 964 3842 lunii
982 3768 1091 3877 1664.

969 3886 1170 3984 Philippus.

1104 4250 1218 4319 61611.

1111 4344 1211 4375 Μ

532 4419 598 4504 Io.
626 4419 907 4536 Botticlaero.

297 4587 420 4644 Primum
435 4587 505 4641 edita
519 4591 547 4641 in
561 4588 604 4646 lo.
620 4588 780 4643 Banasam·
799 4592 929 4660 (Proless.
944 4593 1084 4659 Francol.)
1105 4593 1216 4651 libello:

329 4655 372 4711 De
382 4667 441 4711 acte
451 4656 599 4711 disserendi
612 4656 710 4712 oratio.
737 4656 774 4710 Es
789 4677 821 4712 eo
834 4660 878 4715 laic
891 4661 1024 4729 descripta
1036 4672 1086 4717 est.
1121 4664 1217 4718 Postea

326 4724 558 4851 ilbbellelmffi
571 4724 671 4798 larrsg.
689 4744 716 4798 p.
731 4725 791 4781 219.
809 4726 867 4782 sine
879 4728 1073 4800 inscriptione,
1091 4751 1143 4789 ncc
1153 4735 1217 4787 satis

455 4943 670 5019 Iohanni
691 4941 980 5020 Bottichero.

224 5084 273 5169 S.
299 5096 343 5170 D.
399 5095 526 5183 Τέττιξ
553 5097 624 5192 μὲν
646 5098 782 5200 τέττιγι
813 5095 940 5199 φίλος,
974 5094 1145 5199 peripsema
1170 5099 1213 5178 dd

223 5194 395 5293 μύρμαξ,
425 5203 541 5295 iuquit
558 5197 779 5278 Theocritus.
832 5201 885 5277 lta
902 5218 937 5276 et
952 5228 1019 5275 nos
1032 5207 1213 5278 consocia-

223 5364 440 5383 *UO—*m

256 5467 287 5531 *l
307 5469 327 5522 i.
342 5492 365 5525 e.
378 5470 553 5545 apographon
564 5470 659 5541 scripti
671 5468 858 5529 Melsntbonis
868 5474 897 5530 cl.
912 5474 941 5532 d.
949 5474 995 5538 91.
1008 5476 1087 5533 Meli.

1273 1140 1309 1196 to
1326 1127 1393 1198 tibi
1409 1130 1563 1220 pagellas
1577 1152 1652 1197 non
1668 1129 1833 1199 insuaves
1849 1129 1952 1205 lectu.
1992 1130 2093 1203 Bene
2109 1136 2207 1206 valet
2231 1152 2268 1210 et

1273 1229 1449 1317 significa,
1474 1254 1522 1300 an
1539 1225 1604 1300 bes
1618 1229 1737 1300 literas
1753 1244 1786 1301 et
1802 1231 1946 1302 libellos
1961 1236 2147 1326 acceperis.
2198 1234 2267 1310 Die

1274 1329 1308 1398 6.
1326 1327 1440 1411 lunii,
1467 1356 1538 1425 quo
1553 1344 1635 1400 ante
1649 1354 1764 1402 annos
1779 1331 1880 1405 1909
1895 1332 2097 1405 Alexander
2113 1336 2265 1411 Macedo

1274 1444 1379 1501 natus
1404 1446 1471 1513 est,
1497 1432 1559 1526 qui
1584 1444 1635 1502 est
1658 1434 1855 1525 exemplum
1880 1429 2056 1506 humanae
2077 1437 2267 1513 iufirmita-

1275 1530 1336 1600 tis:
1363 1534 1445 1625 quia
1469 1557 1548 1603 cum
1573 1533 1733 1623 ingentes
1758 1535 1908 1606 virtutes
1929 1549 1963 1607 et
1986 1538 2077 1607 dona
2093 1535 2160 1609 Dei
2178 1566 2266 1611 con·

1275 1634 1479 1704 taminasset
1500 1635 1636 1722 magnis
1652 1634 1768 1721 vitiis,
1791 1636 1862 1707 cito
1878 1651 1913 1708 et
1928 1637 2035 1707 vitam
2057 1652 2094 1711 et
2112 1662 2264 1731 regnum

1276 1734 1402 1808 amisit.
1455 1734 1508 1807 Te
1525 1737 1613 1805 scias
1627 1736 1666 1805 in
1681 1758 1806 1827 genere
1822 1738 1913 1808 vitae
1926 1738 2070 1809 meliore
2082 1764 2164 1812 esse.

1274 2165 1342 2241 No.
1365 2167 1479 2242 6617.

1280 2264 1492 2301 Μ

1551 2364 1629 2452 Ge.
1659 2365 1983 2454 Bsscdltolzcro.

1375 2556 1473 2614 usna
1491 2556 1587 2631 rm...
1611 2576 1638 2631 p.
1652 2554 1727 2619 sao..

1272 2728 1485 2806 Reverendo
1508 2729 1604 2818 viro,
1632 2726 1687 2803 D.
1709 2725 1914 2827 Georgia
1936 2728 2262 2815 Bachlsoltze-

1405 2858 1470 2918 ro,
1494 2832 1612 2902 amico
1629 2842 1660 2903 ct
1667 2833 1796 2932 fratri
1808 2857 1877 2903 saa
1892 2829 2125 2928 charissimo,

1263 2970 1321 3070 qs.
1346 2994 1390 3071 D.
1441 2991 1650 3067 Reverende
1672 2997 1729 3067 vir
1757 3010 1792 3069 et
1813 2999 1925 3070 amice
1947 2996 2161 3081 charissime.
2214 3006 2262 3081 Ut

1272 3090 1428 3167 Lazaro
1452 3096 1631 3168 caniculae
1660 3099 1834 3169 cruciatus
1861 3102 2016 3173 leniunt:
2052 3106 2100 3177 ita
2123 3109 2261 3180 miseris

1272 3196 1513 3272 sacerdotibus
1535 3209 1569 3269 e't
1593 3195 1808 3271 scholasticis
1832 3200 1944 3297 aliqui
1972 3219 2093 3277 tenues
2113 3197 2260 3298 privatis

1272 3300 1397 3371 olliciis
1411 3321 1516 3390 opem
1530 3298 1658 3374 lerunt.
1710 3299 1812 3371 Facis
1826 3303 1935 3393 igitur
1950 3306 2023 3397 pie,
2049 3311 2143 3401 quod
2157 3335 2256 3378 com-

1273 3398 1434 3493 plecteris
1445 3394 1626 3471 Ioannem
1641 3399 1686 3476 N.
1700 3400 1743 3473 N.
1753 3398 1987 3476 Bolicltcram
2002 3405 2255 3501 Rupiuensom,

1273 3504 1336 3597 qui
1353 3502 1433 3573 istic
1448 3502 1548 3572 docet
1561 3504 1849 3576 adolescentiam:
1877 3509 1938 3601 qui
1956 3510 2096 3602 quidem
2111 3524 2171 3581 tua
2193 3514 2256 3581 be-

1273 3604 1395 3675 nelicia
1417 3616 1513 3693 grata
1536 3606 1871 3677 commemoratione
1899 3611 2088 3700 praedicat.
2144 3611 2257 3703 Spero

1272 3707 1348 3775 eius
1363 3706 1502 3775 labores
1515 3700 1692 3776 Ecclesiae
1714 3708 1917 3798 prolaturos
1933 3734 2017 3785 esse.
2068 3711 2201 3806 Scripsi
2215 3718 2258 3786 de

1272 3830 1314 3877 eo
1339 3808 1383 3877 ad
1404 3820 1563 3877 senatum
1586 3805 1922 3899 Perlebergensetn..
1965 3811 2018 3882 Te
2042 3829 2160 3884 autem
2184 3842 2259 3902 oro,

1272 3922 1312 3979 ut
1334 3909 1442 3979 addas
1463 3919 1560 3978 tuam
1576 3912 1930 3982 commendationem.
1979 3911 2088 3985 Mitto
2107 3916 2173 3985 tibi
2196 3942 2259 4010 pa-

1272 4009 1398 4100 gellas,
1422 4032 1571 4101 quarum
1594 4008 1780 4081 lectionem
1804 4012 1870 4083 tibi
1892 4036 1965 4082 non
1982 4014 2165 4085 insuavem
2183 4019 2259 4089 lore

1271 4110 1436 4180 arbitror.
1498 4107 1601 4181 Potes
1632 4124 1667 4180 et
1695 4113 1932 4184 illustrissimo
1957 4112 2118 4208 Principi
2141 4141 2258 4190 exem-

1272 4210 1371 4302 plum
1386 4212 1533 4282 tradere.
1585 4210 1733 4282 Fuimus
1748 4207 1968 4308 Naobargi,
1992 4230 2032 4286 ut
2047 4219 2091 4288 de
2113 4230 2258 4291 contro·

1272 4312 1383 4382 versia
1406 4304 1607 4382 Prasst’aca
1631 4313 1914 4407 colloqueremur
1936 4340 2016 4387 ctun
2041 4313 2080 4388 Τ
2079 4317 2258 4415 ubingen-

1269 4410 1386 4488 sibus.
1437 4409 1485 4484 Et
1504 4412 1686 4483 audieram
1708 4433 1842 4489 vestros
1864 4442 2006 4512 quoque
2024 4442 2065 4490 eo
2088 4437 2256 4495 venturos

1272 4538 1363 4584 esse:
1387 4515 1449 4584 sed
1474 4538 1579 4585 nemo
1596 4517 1710 4602 venit,
1735 4531 1871 4607 praeter
1891 4516 2064 4595 Hessicos.
2115 4520 2257 4594 Disces-

1269 4615 1380 4686 simus
1402 4616 1478 4686 sine
1499 4617 1571 4686 ulla
1593 4617 1830 4704 dissensione,
1860 4617 1927 4691 Dei
1953 4620 2132 4698 beneficio.
2184 4623 2256 4697 Nec

1268 4731 1443 4788 venerunt
1481 4741 1522 4786 eo
1556 4715 1810 4808 Tubiugenses.
1876 4718 1974 4791 Bene
2006 4723 2131 4793 valete.
2186 4722 2254 4796 Die

1269 4816 1302 4890 9.
1327 4817 1437 4889 lunii:
1479 4819 1632 4912 quodie
1662 4834 1765 4891 natus
1792 4834 1843 4893 est
1866 4819 2068 4894 Alexander
2094 4822 2252 4910 Macedo,

1267 4931 1350 4990 ante
1367 4921 1465 4989 mille
1479 4933 1676 5011 nongentos
1694 4936 1727 4994 et
1746 4936 1877 5015 septem
1894 4946 2019 5000 annos.

1777 5069 1966 5167 Philippus
1980 5072 2203 5154 Melanthon.
