4776 6024
174 268 249 369 ua
753 258 1184 347 cataroaaauu
1234 259 1447 345 ιιιιιι
1500 259 1628 341 isac.
2135 259 2221 337 sao

176 455 288 521 erant.
317 478 320 483 ·
341 437 438 529 Toga
461 439 530 508 fuit
550 435 732 522 Romana,
763 448 797 507 et
809 437 973 508 distincta
995 435 1106 524 figura
1121 433 1167 511 ab
1219 432 1321 504 Nunc
1337 435 1381 504 de
1398 435 1545 525 pecunia
1560 434 1666 504 missa
1680 434 1764 504 dedi
1780 435 1905 504 viduae
1919 427 2081 526 hospitae
2095 434 2216 504 maioss

175 542 326 612 aliarum
341 542 499 630 gentium
516 539 662 609 vestitu:
688 553 723 609 et
739 539 840 608 aiunt
850 534 1061 610 Arcadicum
1079 535 1168 606 inis-
1219 524 1305 605 rem⁸
1318 548 1469 626 partem,
1494 551 1535 606 nt
1556 560 1597 605 ex
1618 537 1773 629 pagella,
1800 559 1906 645 quam
1926 537 2049 619 mitto,
2076 533 2218 607 intelli-

176 667 225 728 se,
251 658 286 713 et
301 643 462 714 existimo
478 639 701 710 abEvandro
720 641 757 708 in
775 639 912 712 ltaliam
928 641 1066 709 illatum
1083 661 1167 707 esse.
1218 660 1288 726 ges.
1329 637 1442 707 Doleo
1459 634 1626 730 impediri
1639 639 1709 707 alia
1725 639 1873 708 meliora
1892 639 2037 726 negocia
2055 632 2218 709 hisado-

176 743 330 814 Pallium
351 743 419 813 fuit
434 741 652 814 Graecorum
671 756 704 811 et
723 744 914 811 multarum
930 741 1087 830 gentium
1102 762 1166 808 ex·
1220 741 1413 809 lescentum
1427 740 1627 823 furoribus,
1653 742 1712 808 sed
1731 752 1870 823 tamen,
1893 754 2070 832 quantum
2084 763 2215 832 possu-

175 845 286 916 terior
308 847 469 916 vestitus:
496 859 532 915 et
553 844 649 914 aliud
671 843 816 933 longum
841 858 935 929 erat,
962 843 1059 912 aliud
1082 863 1166 909 vero
1218 864 1315 923 mus,
1344 852 1378 909 et
1399 834 1486 910 haec
1508 842 1600 910 mala
1620 836 1803 913 sanemus.
1848 838 1955 910 Mitto
1971 841 2217 913 narrationem

175 948 291 1017 brevis
306 947 447 1038 penula.
473 939 651 1042 φαινόλης
667 947 735 1017 fuit
749 969 950 1028 servorum,
971 966 1167 1028 cursorum,

175 1048 467 1142 publicanorum,
493 1061 558 1121 etc.
572 1048 728 1117 vestitus.

282 1162 427 1235 Praeter
450 1157 513 1232 has
535 1164 664 1252 figuras
686 1162 754 1235 fuit
772 1161 923 1233 exterior
937 1159 1044 1230 vestis
1066 1180 1167 1226 sena·

177 1267 288 1350 toria,
322 1290 412 1360 quae
439 1267 510 1335 fuit
539 1287 682 1357 prorsus
709 1262 834 1333 similis
857 1263 999 1332 tunicae
1027 1255 1166 1329 honesti

177 1370 386 1455 sacerdotis,
422 1369 562 1456 longae:
604 1391 685 1436 enm
714 1364 879 1435 manticis
910 1387 975 1434 nec
1000 1361 1168 1451 angustis,

180 1492 245 1538 nec
272 1470 377 1552 laxis,
404 1471 464 1538 sed
491 1468 748 1546 mediocribus,
780 1481 821 1559 ut
844 1465 1009 1558 antiquae
1035 1476 1168 1533 statuae

180 1574 382 1643 ostendunt.
433 1565 481 1639 Et
497 1569 562 1638 tali
578 1581 670 1636 veste
687 1590 789 1634 usum
806 1589 879 1635 esse
894 1562 1090 1647 Christum,
1117 1575 1169 1632 est
1204 1661 1207 1665 .

178 1685 469 1740 consentaneum:
497 1670 580 1762 quia
597 1669 683 1738 civis
699 1668 766 1737 fuit
781 1668 819 1734 in
832 1667 1026 1758 municipio
1036 1663 1170 1755 Caper-

180 1795 300 1844 naum.
351 1770 433 1840 Non
448 1770 557 1858 igitur
573 1769 716 1839 incessit
733 1768 909 1860 palliatus,
935 1782 976 1838 ut
989 1763 1168 1836 Pharisaei

179 1886 240 1941 aut
261 1872 403 1960 vulgus:
430 1874 489 1940 sed
515 1872 661 1942 indutus
681 1871 800 1940 tunica
821 1869 1018 1954 senatoria,
1043 1882 1083 1939 ut
1102 1862 1169 1936 ho·

178 1974 269 2045 nesti
286 1969 448 2041 homines
464 1972 504 2041 in
520 1970 713 2062 municipio
727 1968 905 2044 Romano.

280 2089 419 2161 Latinis
432 2113 564 2163 nomen
576 2089 665 2160 stola
680 2089 724 2159 de
740 2087 908 2160 muliebri
921 2087 1051 2160 vestitu
1063 2110 1168 2158 usur·

177 2205 301 2285 patum
323 2206 391 2276 est,
417 2194 513 2285 quod
536 2206 674 2263 tantum
696 2192 852 2262 ostendit
874 2204 988 2262 textus
1010 2190 1050 2258 in
1071 2186 1168 2260 lure:

180 2295 240 2367 sed
259 2292 298 2363 in
315 2291 450 2365 Graeca
470 2293 592 2383 lingua
609 2291 699 2363 stola
713 2306 765 2368 est
780 2293 841 2364 illa
860 2292 964 2381 longa
987 2287 1170 2363 honestior
1257 2324 1260 2328 ⁴

181 2393 340 2465 virorum
364 2395 494 2467 tunica.
525 2396 606 2465 ideo
630 2394 670 2463 in
694 2390 890 2484 Evangelio
912 2395 956 2463 de
983 2393 1057 2462 filio
1083 2416 1168 2483 pro-

180 2495 281 2586 digo,
314 2495 353 2567 fit
372 2497 506 2567 mentio
531 2496 641 2568 stolae
661 2496 806 2586 primae.
857 2491 906 2566 Et
926 2496 1021 2586 apud
1045 2493 1169 2564 Xeno·

180 2590 348 2690 phontem
373 2595 546 2692 Cyaxares
568 2597 679 2668 mittit
701 2594 797 2691 Cyro
821 2597 967 2681 stolam,
1001 2596 1168 2665 audituro

179 2699 311 2789 legatos
336 2699 375 2766 in
397 2700 525 2770 vestitu
546 2699 736 2769 senatorio.
797 2697 920 2791 ltaque
935 2711 1027 2768 recte
1049 2697 1167 2768 iudico

179 2797 460 2871 Illustrissimum
483 2798 686 2892 Principem
708 2804 751 2871 de
776 2814 870 2870 veste
890 2795 1026 2870 Christi
1048 2798 1169 2869 existi-

179 2925 295 2983 mare,
328 2926 403 2971 non
425 2903 535 2994 pallio
560 2926 684 2987 usum,
717 2903 778 2972 sed
804 2903 866 2970 illa
889 2896 1092 2973 honestiore
1107 2924 1168 2970 seu

180 3003 355 3073 senatoria
391 3004 521 3077 amica.
581 3002 743 3074 Scribam
777 3005 865 3072 alias
898 3004 1021 3093 plura.¹
1070 2999 1168 3071 Bene

181 3104 278 3188 vale,
302 3101 370 3172 Die
385 3101 588 3188 Laurentii,
617 3100 723 3174 Anno
742 3102 851 3179 1556.

179 3455 245 3530 Νο.
262 3455 377 3532 6048.

186 3552 359 3583 Μ

1004 3469 1060 3531 10.
1083 3462 1166 3547 Aug.

990 3548 1162 3582 Μ

492 3649 561 3738 Io.
593 3652 848 3740 Praetorio.

278 3832 366 3906 Epist.
384 3831 432 3889 lib.
450 3831 484 3888 V.
503 3848 530 3902 p.
546 3831 598 3885 1⁵2
607 3849 650 3902 aq·

218 3965 430 4061 Iohonrsi
459 3982 731 4068 Praetorio,
769 3981 913 4057 docenti
942 3981 1126 4084 Evangel.

541 4087 582 4164 V
581 4084 811 4160 catislavioe.

177 4222 227 4315 S·
249 4238 294 4314 D.
333 4239 544 4311 Veneranda
562 4240 628 4327 vir,
657 4255 691 4312 et
706 4234 910 4310 charissime
925 4240 1044 4316 freter.
1083 4239 1166 4331 Quo

177 4340 362 4414 insuavius
385 4355 437 4411 est
458 4343 642 4432 negocium
661 4341 703 4412 N.
720 4339 764 4415 N.
780 4333 836 4432 ⁴⁵),
859 4365 900 4411 eo
923 4342 1034 4432 magis
1051 4342 1116 4413 tibi
1132 4357 1166 4415 et

176 4445 288 4514 debeo
319 4458 354 4515 et
376 4438 489 4513 habeo
520 4444 687 4532 gratiam,
718 4443 813 4536 quod
846 4456 880 4514 et
909 4447 1102 4536 prudenter
1131 4461 1165 4517 et

176 4559 269 4616 recte
290 4546 411 4616 omnia
431 4566 512 4614 cum
528 4540 644 4614 Matre
667 4544 779 4633 egisti.
830 4538 920 4614 Cum
944 4557 1060 4616 autem
1077 4549 1165 4617 ado-

174 4645 309 4717 lescens
327 4673 410 4720 mox
431 4644 559 4736 fugerit
584 4659 661 4736 post
682 4669 758 4715 eam
784 4659 942 4733 norum,
971 4672 1042 4740 qua
1057 4673 1164 4740 pecn-

175 4746 272 4816 niam
291 4748 443 4819 alienam
463 4747 626 4819 abstulit:
661 4770 743 4833 cnm
772 4745 849 4838 ipso
882 4748 952 4818 iam
985 4745 1079 4819 nihil
1107 4751 1163 4840 agi

174 4860 299 4940 potest.
349 4847 423 4922 Res
439 4865 490 4922 est
506 4863 621 4935 certa,
647 4863 682 4922 et
704 4847 846 4941 publica
868 4849 1036 4921 citatione
1057 4864 1163 4920 uten-

173 4954 261 5022 dum
276 4948 362 5034 erit,
377 4951 457 5039 ¹nisi
472 4967 587 5025 mater
598 4952 662 5023 filii
679 4953 791 5022 lamae
808 4951 978 5024 conculct.
1029 4947 1083 5022 Ac
1097 4976 1162 5020 vo·

172 5053 291 5124 lumus
311 5074 377 5123 nos
399 5076 541 5146 quoque
559 5055 716 5125 familiae
738 5048 906 5125 honestae
928 5053 1036 5144 parci.
1090 5051 1161 5124 Sed

171 5168 212 5226 tu
234 5177 314 5247 agea
338 5178 422 5228 cum
437 5151 571 5240 Matre,
593 5169 634 5230 nt
649 5158 783 5243 mittat,
807 5167 981 5250 quantum
1002 5156 1162 5241 debetur.

1219 935 1263 1010 F
1258 935 1417 1026 alderici,
1440 967 1547 1035 quam
1562 944 1654 1032 leges
1671 941 1795 1016 Matri.
1825 940 1994 1036 Denique
2008 956 2123 1015 totam
2138 969 2219 1019 rem

1220 1058 1254 1114 et
1270 1043 1478 1135 prudentiae
1492 1058 1525 1114 et
1539 1045 1623 1113 fidei
1639 1058 1717 1114 tuae
1734 1048 1957 1115 commendo.
2009 1043 2108 1115 Bene
2126 1048 2217 1127 vale,

1220 1160 1254 1217 et
1270 1145 1434 1217 rescribe.
1486 1145 1554 1216 Die
1570 1145 1756 1216 Laurentii
1773 1144 1883 1221 1556.
1916 1145 2088 1237 *Salutem
2110 1149 2221 1223 vobis

1220 1247 1387 1316 omnihus
1403 1262 1507 1341 opto,
1532 1262 1566 1317 et
1581 1247 1684 1318 mitto
1702 1248 1865 1339 pagellas.

1958 1342 2164 1442 Philippus.

1234 1746 1301 1821 No.
1317 1749 1431 1824 6049.

1227 1844 1439 1885 “a

2043 1763 2098 1824 10.
2123 1754 2217 1840 Aug.

2031 1844 2211 1876 m

1574 1948 1879 2036 Scholasticis.

1290 2101 1401 2159 Editum
1421 2119 1462 2163 cst
1477 2108 1531 2165 hoc
1550 2109 1684 2181 scriptum
1707 2108 1735 2162 in
1756 2107 1863 2164 libello:
1887 2106 1984 2163 Oratio
2005 2109 2041 2165 de
2053 2110 2220 2170 discrimine

1325 2173 1418 2244 legum
1431 2175 1605 2246 politicarum
1618 2187 1644 2231 et
1656 2176 1844 2239 traditionum,
1862 2196 1929 2248 quae
1941 2177 1970 2229 in
1980 2177 2103 2232 Ecclesia
2116 2182 2149 2236 ab
2161 2183 2219 2237 ho-

1324 2245 1444 2298 minibus
1457 2247 1625 2300 conduntur.
1660 2246 1780 2301 Recitata
1794 2266 1809 2300 a
1825 2247 1938 2299 Decano
1957 2245 2066 2318 collegii
2087 2249 2219 2317 pbiloso-

1323 2313 1407 2382 phici,
1425 2314 1499 2434 Map.
1509 2316 1711 2396 Bortofompfo
1724 2314 1840 2395 besano
1856 2315 1983 2398 ζ’]ςιιιοοἸ
1997 2335 2063 2401 eum
2079 2323 2219 2374 decem.

1324 2390 1401 2433 retur
1419 2400 1465 2446 gra
1486 2402 1517 2436 us
1536 2382 1686 2453 Magisteru
1707 2385 1811 2454 aliquot
1828 2386 1940 2438 eruditis
1957 2405 2023 2440 varas
2041 2405 2118 2442 anno
2138 2389 2221 2446 1556.

1324 2448 1451 2530 Wlll‘b'
1466 2452 1587 2533 155658.
1606 2478 1640 2494 -·
1675 2451 1737 2506 Non
1750 2453 1838 2506 solum
1853 2451 1940 2506 oratio
1953 2474 1967 2508 a
1983 2453 2161 2512 Melantbone
2175 2471 2221 2516 est

1323 2520 1605 2642 atttriltt't.
1618 2540 1731 2644 &5333
1750 2522 1936 2645 liaii'li'i’s
1949 2532 1976 2646 ii
1989 2526 2220 2650 upapam...

1326 2653 1485 2709 lantbonem
1506 2625 1604 2711 bellent
1623 2628 1771 2715 auctorein.
1800 2685 1828 2697 -
1873 2612 2156 2734 Duoeed‘iclalfequ'ae
2172 2617 2222 2721 het}

1325 2722 1466 2790 dedimus,
1492 2726 1639 2781 coniuncta
1666 2727 1793 2798 leguntur
1811 2727 1890 2782 etiam
1914 2729 1942 2783 in
1961 2730 2076 2802 Scriptis
2094 2733 2222 2803 publicis

1324 2792 1409 2848 Acad.
1422 2791 1549 2851 Witteb.
1567 2794 1600 2850 Τ.
1611 2795 1647 2853 ll.
1667 2796 1696 2850 iu
1713 2796 1778 2852 fine·

1698 2970 1739 3042 A.

1106 3199 1110 3202 ἡ
1220 3102 1397 3174 Decanus
1418 3098 1583 3198 Collegii
1598 3099 1856 3205 Philosophia·
1881 3106 2216 3185 Bartolemcus

1505 3199 1926 3316 LasansCygneus.

1221 3356 1358 3444 Servat
1379 3371 1477 3440 Deus
1499 3393 1609 3460 genus
1632 3366 1830 3443 humanum
1854 3389 1894 3446 ut
1916 3376 2002 3446 inde
2026 3392 2206 3448 aeternam

1221 3470 1414 3543 Ecclesiam
1439 3474 1600 3563 colligat,
1631 3488 1665 3546 et
1690 3470 1782 3546 banc
1804 3500 1879 3546 uon
1905 3478 2010 3549 aliter
2030 3480 2100 3550 nisi
2122 3505 2216 3553 voce

1221 3575 1402 3644 doetrinae
1419 3572 1570 3663 colligit,
1604 3598 1710 3668 quam
1726 3601 1791 3668 per
1805 3574 1994 3670 prophetas
2011 3594 2046 3651 et
2066 3597 2213 3674 aposto-

1222 3677 1275 3744 los
1299 3675 1461 3744 mandari
1485 3677 1611 3747 litteris
1633 3677 1756 3748 voluit.
1809 3677 1886 3749 Hos
1909 3680 2019 3771 igitur
2040 3708 2124 3754 cum
2142 3685 2228 3777 legi.

1221 3789 1255 3847 et
1277 3790 1369 3846 reete
1390 3776 1543 3874 intelligi
1567 3778 1670 3864 velit,
1704 3781 1899 3852 necessaria
1921 3806 1994 3853 esse
2012 3785 2130 3855 studia
2144 3789 2211 3858 do-

1220 3879 1376 3948 centium
1391 3892 1425 3949 et
1441 3879 1654 3951 discentium
1668 3878 1894 3952 manifestum
1909 3896 1971 3955 est.
2000 3883 2110 3976 Quod
2127 3913 2210 3961 cum

1219 3979 1268 4051 ita
1285 3980 1349 4058 sit.
1374 3979 1546 4051 laetemur
1561 4004 1626 4051 nos
1640 4005 1714 4052 esse
1729 3984 1767 4052 in
1782 3984 1910 4057 militia
1927 3983 2005 4057 Deo
2023 4001 2143 4076 grata,
2170 3990 2208 4061 in

1221 4105 1290 4175 qua
1305 4083 1376 4150 dnx
1391 4095 1442 4150 est
1456 4083 1530 4175 ipse
1544 4083 1638 4153 filius
1648 4082 1715 4181 Dei
1729 4077 1838 4185 λόγος
1851 4088 1985 4158 aeterni
2000 4089 2123 4181 patris,
2146 4091 2214 4186 qui'

1218 4206 1357 4276 semper
1379 4182 1477 4255 adest
1498 4183 1576 4254 voci
1599 4185 1801 4269 doctrinae,
1826 4201 1860 4258 et
1880 4182 1948 4259 hac
1962 4191 2215 4275 consolatione,

1217 4307 1285 4353 nos
1317 4283 1510 4373 erigamus,
1551 4310 1597 4356 ne
1627 4288 1745 4371 studia
1770 4288 1954 4361 literarum
1985 4292 2209 4380 abiiciamus,

1217 4392 1308 4480 qnae
1323 4407 1469 4475 magnae
1486 4385 1710 4458 difficultates
1730 4403 1765 4461 et
1777 4414 1965 4463 aemmuae
1979 4392 2212 4471 comitantur.

1216 4486 1422 4558 Serviamus
1442 4485 1517 4559 Deo
1542 4502 1577 4560 et
1596 4486 1791 4579 Ecclesiae,
1825 4507 1860 4564 et
1887 4495 2013 4565 ducem
2042 4510 2208 4570 nostrum

1216 4588 1403 4659 dominnm
1445 4586 1560 4662 lesum
1597 4586 1780 4664 Christum
1821 4591 1961 4667 sortiter
2000 4619 2207 4693 sequamur.

1215 4687 1399 4760 Pertinent
1423 4703 1541 4761 autem
1565 4692 1609 4761 ad
1634 4693 1876 4765 doctrinarum
1900 4692 2211 4771 conservationem

1215 4790 1379 4860 exercitia
1393 4792 1430 4859 io
1451 4787 1582 4864 scholis
1596 4788 1790 4886 prudenter
1807 4797 1986 4885 instituta,
2011 4824 2052 4870 ac
2066 4802 2207 4894 praeci-

1206 4904 1283 4982 'pue
1298 4891 1468 4966 examina.
1518 4890 1637 4966 Hodie
1651 4893 1770 4988 igitur,
1795 4901 1891 4993 quod
1907 4900 2061 4971 faustum
2077 4917 2116 4975 et
2130 4906 2209 4974 loe-

1212 4988 1264 5062 lix
1276 4992 1341 5079 sit,
1361 4989 1449 5073 hora
1466 4994 1597 5087 prima,
1624 4995 1700 5070 Deo
1717 4999 1860 5070 iuvante
1884 5003 2023 5092 publice
2040 5006 2212 5098 explora-v

1212 5094 1310 5164 bitur
1322 5096 1475 5167 eruditio
1490 5120 1630 5184 eorum,
1655 5100 1717 5194 qui
1733 5124 1831 5172 nnnc
1852 5102 2055 5174 testimonio
2077 5121 2208 5178 nostro

1211 5198 1366 5266 ornandi
1385 5211 1478 5273 sunt.
1528 5199 1585 5270 Ad
1605 5195 1698 5272 hauc
1715 5203 2013 5294 explorationem,
2039 5219 2080 5278 ut
2095 5209 2212 5279 colle-

1211 5319 1274 5388 gae
1295 5300 1407 5369 nostri
1429 5299 1547 5372 etalii
1568 5303 1662 5375 docti
1687 5303 1757 5373 viri
1779 5307 2011 5393 conveniant,
2038 5309 2211 5401 petimus.

1211 5397 1312 5490 Quid
1325 5413 1377 5472 est
1390 5396 1626 5477 honestiores
1642 5406 1784 5480 dulcius
1797 5408 2019 5487 eruditorum
2034 5433 2219 5523 congrua-2

202 5428 480 5504 *armanum
497 5374 637 5488 ια’-
672 5424 833 5501 reuma
848 5426 995 5487 eram
