4734 6016
174 396 177 401 ,
236 306 305 383 151
808 270 1406 407 urrsrounnuu'sru.
1436 310 1530 441 ru.
1570 310 1707 392 rsus.
1997 300 2004 311 '
2185 330 2274 431 ,1ss

233 485 406 557 solatione
427 494 674 555 sustentemus.
702 498 706 503 ·
724 479 838 553 Multi
860 495 986 575 putant
1008 480 1225 573 tragoediam
1271 478 1399 552 itinere
1419 506 1458 555 se
1479 484 1523 554 ad
1548 508 1610 556 vos
1631 499 1821 559 venturum
1844 511 1930 563 esse.
1981 487 2146 583 Narrat,
2181 499 2274 572 duos

234 602 430 659 secuturam
454 606 528 654 esse
551 579 688 677 ὅμοιον
707 588 777 655 τοῦ
794 580 974 678 Ἀντιοχῇ.
1026 583 1098 656 Sed
1117 582 1224 677 quid-
1272 582 1511 656 adolescentes
1530 583 1779 660 Northusanos
1802 590 1843 660 in
1863 586 2033 663 Scholam
2056 589 2273 672 Portsnsem
2318 656 2325 667 .

233 690 319 780 quid
335 688 402 758 erit
418 685 492 755 filio
509 685 576 756 Dei
589 709 656 756 nos
671 688 969 757 commendemus.
1272 700 1429 776 receptos
1444 710 1520 761 esse
1534 689 1704 763 beneficio
1719 688 1955 763 illustrissimi
1967 690 2142 771 Electoris
2157 701 2272 775 Ducis

333 785 475 876 Quaeso
491 780 913 859 utDoctorisLeonarti
924 788 1066 880 inopiae
1084 786 1223 854 miseri·
1272 779 1473 858 Mauricii.
1522 786 1572 863 Et
1585 814 1684 882 spem
1701 815 1777 863 esse
1791 795 1918 864 factam
1935 797 2173 872 confirmandi
2193 807 2271 878 eius

232 890 352 961 cordia
367 890 593 959 adficiemini.
632 887 815 978 Quantum
857 889 969 973 otuit,
994 882 1054 956 hic
1070 887 1230 980 vendere
1271 887 1452 976 beneficii,
1485 917 1566 963 cum
1586 892 1668 964 Dux
1689 890 1865 965 saxoniae
1894 898 1943 969 sit
1971 900 2138 975 defensor
2159 901 2271 979 Urbis

231 991 365 1061 reditus
387 1015 476 1085 quos
495 986 620 1076 habet,
655 1005 782 1061 conatu
863 1004 885 1062 t.
952 987 1023 1059 Sed
1049 988 1129 1080 quis
1154 982 1223 1057 hoc
1270 984 1507 1080 Northusen,
1552 1006 1590 1065 st
1620 987 1749 1065 habeat
1779 996 1833 1067 ibi
1864 998 1935 1068 alia
1966 998 2143 1095 quaedam
2177 1006 2269 1083 iura.

229 1106 387 1183 tempore
404 1089 601 1171 anthabet,
629 1083 1223 1179 antemeretetiamsihaberetpe·
1271 1088 1377 1162 Nunc
1409 1108 1489 1167 orat
1519 1092 1690 1182 Senatus,
1734 1098 1938 1169 confirmari
1971 1101 2008 1171 id
2042 1105 2268 1193 beneficium,

231 1194 383 1266 cuniam.
434 1192 542 1263 Plura
563 1193 714 1263 scribam
736 1193 833 1261 alias.
884 1187 989 1260 Nunc
1001 1189 1135 1261 Filium
1154 1186 1222 1260 Dei
1272 1192 1357 1284 quia
1387 1195 1508 1266 literae
1531 1196 1812 1269 confirmationis
1833 1199 2024 1293 impeditae
2048 1224 2135 1281 sunt
2152 1225 2266 1283 morte

230 1309 345 1364 tecum
362 1306 396 1364 et
409 1317 489 1363 cum
505 1308 619 1365 vestra
637 1290 794 1365 Ecclesia
814 1304 849 1362 et
862 1305 924 1363 tun
942 1293 1129 1365 domestica
1147 1316 1223 1376 oro,
1273 1292 1453 1368 illustriss.
1472 1293 1647 1371 Electoris
1662 1299 1776 1371 Ducis
1791 1296 1988 1375 Μουνὶοἰί.
2041 1306 2173 1381 Totam
2189 1337 2266 1383 rem

130 1451 137 1464 .
230 1409 346 1465 utros
361 1409 394 1465 et
408 1417 473 1465 nos
487 1409 656 1488 protegat.
704 1393 802 1464 Rene
817 1393 904 1469 vale.
956 1391 1024 1463 Die
1040 1391 1159 1465 lacobi
1173 1387 1221 1488 ¹³).
1271 1396 1322 1466 ait
1344 1411 1466 1468 notam
1487 1421 1562 1471 esse
1577 1397 1783 1473 Clarissimo
1798 1401 1898 1488 viro,
1922 1406 2111 1481 nobilitate
2125 1417 2266 1503 generis

418 1498 423 1505 '
916 1489 1118 1586 Philippus.
1271 1509 1305 1567 et
1329 1499 1459 1570 virtute
1478 1501 1670 1593 praestanti
1684 1500 1841 1575 Domino
1856 1494 2011 1578 Christo
2035 1503 2127 1582 horo
2142 1538 2168 1582 a
2184 1503 2265 1585 Ca-

1272 1592 1438 1676 rolowiz.
1490 1600 1611 1691 Quare
1633 1627 1716 1684 oro,
1742 1616 1782 1677 nt
1804 1620 1960 1679 vetustae
1973 1608 2021 1705 Τ,
2053 1615 2167 1685 odosii
2188 1614 2263 1688 Co-

226 1719 913 1734 -—--------——--·---
1270 1698 1407 1788 loniae,
1441 1727 1531 1795 quae
1554 1717 1608 1777 tot
1630 1704 1702 1775 iam
1722 1707 1882 1779 seculisa
1900 1706 2061 1784 Ducibus
2074 1712 2263 1798 saxoniae,

228 1849 261 1919 N
314 1845 416 1920 5440
1090 1861 1135 1922 25
1161 1852 1210 1917 lul
1269 1797 1512 1888 Electoribus‚
1545 1806 1780 1893 defensasse,
1815 1823 1850 1879 et
1873 1811 2160 1887 benevolentiam
2181 1814 2264 1889 Du-

229 1874 432 1976 }„52
1084 1901 1218 1977 ,μ’
1271 1928 1350 1973 cum
1368 1904 1543 1976 Senoniae
1558 1906 1714 1978 officiose
1728 1910 1882 1999 retinere
1895 1916 2051 2002 studuit,
2075 1942 2152 1988 non
2167 1920 2262 1990 desi-

532 2054 598 2140 10.
628 2051 906 2141 remum.
1267 2004 2260 2207 τοοτοτοοτοετοττξττοοοξο

330 2216 413 2288 Epist
432 2216 480 2271 tib.
495 2213 541 2269 vt.
558 2213 658 2286 μεθ.
1267 2229 1341 2279 non
1354 2208 1494 2293 dubito.
1543 2209 1641 2281 Bene
1656 2212 1779 2287 valete.
1831 2212 1975 2294 Ilisso,
1992 2216 2086 2309 tulit.
2209 2266 2212 2273 ·

303 2367 517 2444 Iohanni
539 2365 828 2458 Placotomo,
860 2367 1021 2443 Ductori
1043 2367 1140 2441 artis
2004 2332 2205 2433 Phffll’l’ffl·

637 2467 808 2543 medicae.

1274 2565 1603 2583 Ἢ

225 2608 273 2698 S.
297 2624 342 2700 D.
393 2622 536 2698 Clariss.
558 2624 616 2694 vir
634 2636 670 2694 et
685 2623 800 2694 cariss.
811 2623 935 2693 irater.
984 2618 1101 2692 Multa
1118 2619 1213 2691 vidi-

223 2750 304 2799 mus
317 2722 385 2798 boc
401 2726 584 2819 septennio
601 2725 760 2817 exempla
776 2722 928 2813 insignia
944 2714 1125 2792 hnmanae
1139 2724 1212 2792 fra·
1273 2723 1340 2799 No.
1356 2720 1470 2799 6442.
1638 2720 1641 2725 ’
2063 2741 2129 2820 (οι.
2142 2736 2255 2826 lolio.)

223 2828 378 2919 gilitatis.
428 2828 501 2901 Sed
513 2823 599 2911 baec
616 2849 730 2917 pugna
746 2824 921 2896 Saxouira
934 2824 1090 2894 tristiora
1106 2815 1212 2893 habet
1266 2822 1479 2861 Μ
2072 2831 2247 2864 *⁶⁹

223 2931 399 3021 exempla,
425 2928 640 3029 quamtanni
656 2925 859 3017 superioris.
908 2922 999 2992 Nam
1017 2923 1123 2992 multi
1141 2922 1212 2993 viri
1526 2929 1679 3019 100012,
1707 2931 1985 3021 (pimeray-1⁶00

221 3031 330 3102 fortes
361 3027 537 3098 interfecti
561 3040 664 3105 sunt,
705 3040 739 3096 et
764 3026 803 3094 in
829 3025 902 3096 acie
926 3024 1113 3119 perierunt
1137 3025 1209 3094 duo

220 3128 404 3222 Principes
417 3129 483 3198 lilii
496 3126 608 3199 Ducis
621 3125 901 3207 Brunsvicensis,
926 3138 960 3195 et
971 3120 1072 3194 Dux
1083 3118 1209 3194 Saxo-

221 3230 306 3301 niac
330 3232 461 3302 vulnus
482 3228 633 3322 accepit,
659 3252 700 3297 ex
723 3251 794 3321 quo
814 3228 924 3297 biduo
945 3240 1025 3321 post
1046 3240 1208 3297 mortuus

220 3347 283 3409 est.
314 3331 403 3424 Legi
416 3331 668 3423 prognosticon
684 3342 764 3399 ante
778 3329 937 3424 quinque
952 3350 1065 3397 annos
1082 3329 1119 3397 in
1136 3352 1207 3421 quo

219 3435 391 3526 scriptum
411 3448 502 3519 erat,
533 3433 812 3521 gubernaturum
834 3442 912 3501 esse·
929 3429 1077 3521 patriam
1094 3453 1207 3500 annos
2023 3518 2026 3523 Ι

218 3535 405 3606 duodecim
427 3548 464 3618 et
479 3534 613 3605 ‚deinde
627 3533 667 3601 in
681 3532 864 3624 peregrina
881 3545 974 3601 terra
990 3532 1205 3613 moriturum
1255 3513 1305 3609 S·
1331 3526 1376 3605 D.
1426 3529 1593 3604 Clemens
1608 3528 1872 3605 Alexandrinus
1886 3557 2029 3605 versum
2047 3530 2246 3608 esssEuri-

215 3620 303 3710 esse.
330 3628 484 3705 Gnarus
499 3633 592 3706 redit
603 3622 642 3703 in
655 3635 774 3705 aulam
783 3628 1007 3703 Marchionis
1021 3628 1207 3717 [nonnisi
1255 3631 1349 3722 pidis
1370 3632 1477 3725 dicit,
1508 3635 1575 3707 etsi
1596 3657 1671 3704 non
1686 3635 1816 3726 opinor
1830 3635 1869 3705 in
1884 3629 1941 3705 his
1959 3637 2149 3729 tragoediis
2162 3663 2248 3725 esse,

216 3732 298 3809 Nou
312 3738 470 3812 succedit
485 3726 787 3828 Willicisio·”)‚
808 3736 853 3804 de
869 3749 904 3805 te
920 3735 1027 3824 igitur
1043 3735 1204 3805 scribam.
1254 3756 1344 3827 quae
1366 3735 1523 3829 reliquae
1546 3738 1656 3806 suntt‘
1679 3730 1781 3809 tinctu
1801 3730 1845 3808 τὸ
1862 3734 2046 3833 χρηστὸν,
2074 3735 2146 3832 τὴν
2160 3740 2247 3834 ἴσην

215 3833 312 3911 Rene
328 3839 430 3915 vale*
466 3835 535 3909 Die
550 3835 690 3921 lacobi,
715 3831 814 3909 Anu.
831 3832 941 3910 1553.
1254 3831 1326 3926 ἔχει
1347 3829 1475 3933 φύσιν.
1527 3835 1610 3908 Scio
1625 3850 1659 3907 te
1674 3861 1816 3932 quoque
1831 3832 1899 3908 hoc
1916 3840 2123 3909 dulcissimo
2140 3866 2246 3914 versu

1253 3937 1439 4020 delectari,
1469 3937 1553 4031 quia
1576 3951 1611 4009 et
1633 3933 1782 4008 honesta
1804 3940 1978 4010 sententia
2000 3953 2069 4021 est,
2103 3955 2141 4013 et
2161 3957 2245 4015 tuae

1253 4038 1465 4128 integritatis
1487 4039 1603 4130 imago
1626 4053 1697 4126 est,
1725 4041 1882 4111 ostendit
1899 4055 2015 4113 autem
2040 4054 2074 4113 et
2089 4038 2247 4138 Stigelii

1252 4139 1441 4208 candorem
1462 4152 1496 4209 et
1521 4139 1706 4222 virtutem,
1741 4154 1909 4234 perpetua
1931 4167 2012 4232 erga
2035 4167 2101 4214 nos
2127 4145 2163 4213 in
2186 4143 2243 4217 his

212 4203 279 4278 ΝΟ·
294 4196 408 4280 544¹·
1069 4208 1198 4329 Q·
1251 4252 1450 4332 temporum
1467 4242 1735 4312 confusionibus
1749 4245 1946 4316 constantia
1962 4246 2243 4334 benevolentiae,

1250 4343 1295 4411 de
1313 4366 1382 4436 qua
1400 4342 1431 4411 ei
1448 4354 1485 4412 et
1500 4342 1613 4412 debeo
1631 4354 1666 4413 et
1679 4338 1791 4414 habeo
1805 4346 1964 4434 gratiam.
2015 4342 2065 4417 Et
2078 4347 2241 4420 fruemur

507 4410 601 4496 mr·
635 4409 905 4497 deiimst
1190 4507 1191 4512 ,
1248 4443 1402 4513 amicitia
1422 4456 1544 4514 nostra
1565 4444 1603 4512 in
1618 4446 1874 4517 consuetudine
1897 4440 2032 4518 celestis
2049 4443 2238 4534 Ecclesiae,

307 4570 670 4645 uputttb.V.p.1ttsq.
1248 4568 1449 4636 quanquam
1480 4569 1577 4615 nunc
1609 4569 1750 4638 quoque
1782 4571 1855 4616 non
1880 4562 1931 4648 est
1956 4550 2237 4620 contemnendus

1245 4647 1398 4731 fructus,
1437 4647 1500 4740 qui
1533 4647 1659 4717 studiis
1690 4648 1833 4737 prodest
1865 4663 1984 4719 nostra
2019 4649 2237 4737 coniunctio.

206 4726 372 4803 mrito
413 4726 677 4815 Mordisin‚
717 4719 955 4800 cancellario
985 4725 1047 4804 Pr.
1075 4728 1192 4805 Eleci.
1246 4743 1327 4814 Scio
1350 4770 1430 4816 eum
1456 4772 1476 4816 a
1499 4761 1532 4817 te
1554 4770 1694 4842 quoque
1718 4749 1840 4838 diligi,
1872 4774 1980 4843 quare
2001 4763 2140 4839 gratum
2158 4749 2238 4822 fore

591 4826 797 4902 Saxont'ae·
1245 4868 1469 4936 congressum
1485 4872 1559 4918 nou
1574 4848 1710 4920 dubito.
1760 4845 1854 4920 Dedi
1871 4851 1903 4920 ei
1919 4851 2125 4922 fasciculum
2140 4852 2234 4922 litte-

1244 4968 1364 5016 rarum
1403 4948 1708 5030 Borussiacarum,
1754 4976 1859 5045 quem
1900 4952 2005 5041 legati
2045 4950 2235 5045 Turingici

1242 5049 1446 5123 attulerunt.
1500 5049 1570 5121 Sed
1590 5044 1749 5121 Meuius
1771 5048 1888 5122 adhuc
1909 5053 2037 5122 morbo
2059 5055 2235 5127 retinetur
2329 5080 2346 5113 ·

1239 5148 1278 5217 in
1295 5149 1359 5220 illo
1375 5145 1520 5222 horrido
1534 5150 1674 5226 littore.'
1716 5150 1804 5223 Sum
1821 5151 1980 5223 solicitus
1993 5155 2039 5224 de
2055 5156 2132 5226 eius
2146 5157 2234 5232 vita.

1237 5248 1308 5322 Sed
1324 5276 1387 5321 oro
1404 5254 1516 5333 filium
1530 5248 1613 5337 Dei,
1636 5266 1676 5322 ut
1691 5265 1725 5321 et
1739 5252 1856 5342 ipsum
1872 5268 1985 5325 servet
2000 5253 2233 5342 incolumem,

231 5396 264 5463 ἢ
283 5396 345 5452 ΑΗ,
362 5413 458 5453 mm
474 5394 563 5451 adseri
582 5389 632 5448 stt·
655 5394 730 5451 155³.
1236 5366 1270 5422 et
1294 5352 1405 5425 leniat
1428 5377 1551 5423 omnes
1574 5352 1787 5422 calamitates
1810 5354 1969 5443 publicas
2000 5370 2036 5427 et
2062 5358 2231 5448 privatas.

231 5482 278 5552 ss)
297 5480 360 5538 vm,
375 5482 451 5556 gg..
466 5483 495 5538 ἃ,
510 5485 534 5540 ι,
546 5414 632 5542 ὧῑςζ
647 5480 673 5536 g
686 5499 709 5535 ,,
1235 5446 1279 5520 ln
1291 5452 1334 5521 iis
1350 5452 1437 5522 locis
1450 5453 1514 5523 ubi
1528 5462 1723 5543 pugnatum
1740 5467 1794 5525 est
1807 5478 1850 5524 ex
1864 5457 2037 5544 sanguine
2051 5456 2230 5531 Titanum

1328 3107 1412 3181 Epist.
1427 3106 1460 3162 ad
1474 3107 1612 3164 Gemmas.
1630 3128 1658 3183 p.
1669 3108 1720 3181 bil
1734 3128 1775 3183 sq.
1794 3111 1850 3180 (ed.
1866 3110 1955 3167 lond.
1975 3110 2023 3167 lib.
2037 3113 2089 3169 Ill.
2107 3134 2150 3188 ep.
2164 3118 2252 3191 stu).

1257 3269 1482 3351 Clarissimo
1506 3278 1582 3350 viro
1607 3277 1809 3352 eruditione
1832 3291 1865 3351 et
1890 3281 2019 3353 virtute
2038 3288 2252 3378 praestanti

1287 3376 1316 3450 I
1320 3375 1531 3451 oachimo
1555 3370 1834 3453 Camerario
1850 3382 1980 3484 fratri
1993 3408 2063 3455 suo
2078 3386 2207 3457 curres.

203 4968 252 5057 S·
278 4978 324 5054 D.
374 4980 576 5054 Clarissime
606 4984 682 5069 vir,
724 4997 758 5053 et
790 4981 944 5053 Patrone
976 4978 1210 5069 charissime„

179 5112 182 5119 ¹
200 5081 278 5156 Etsi
300 5085 445 5177 exposui
462 5082 617 5178 Syndico
635 5079 882 5167 Nortbusano,
917 5108 979 5153 vos
1003 5079 1062 5154 hic
1086 5109 1190 5176 expe-

201 5187 306 5272 ctari,
340 5203 458 5259 tamen
485 5184 604 5255 literas
629 5210 649 5254 a
675 5211 732 5256 me
756 5185 944 5276 flagitavit,
979 5210 1123 5278 sperans
1149 5189 1187 5257 in

1492 5765 1513 5806 b
