4776 6024
170 290 247 363 bib

750 280 1184 359 uetsrouusuu
1233 277 1449 356 urnxu.
1503 236 1645 355 1555.

2092 367 2094 370 v
2141 270 2222 348 sas

173 459 391 534 sentiebant,
427 467 461 525 et
482 453 653 524 nolebant
676 453 773 524 illam
798 457 1047 547 pulcerrimum
1076 453 1165 546 poli·
1218 463 1351 542 potest,
1378 474 1457 519 cum
1476 462 1608 540 spectat
1624 442 1720 515 huu'c
1734 445 1861 525 fineen,
1888 457 1927 514 ut
1947 457 2098 536 praestet
2116 445 2223 537 piuru

173 565 258 632 tiam
279 557 424 628 destrui.

276 687 353 759 Hos
368 688 511 758 tandem
526 688 656 760 refutat
664 687 760 759 Deos
775 689 909 758 excidio
924 686 1168 783 lerosolymae,

175 809 210 866 et
227 792 379 863 aliarum
404 790 567 872 urbium,
592 805 627 860 et
645 793 753 860 totius
775 792 888 880 gentis
906 791 1064 862 interitu.
1117 787 1167 858 lta

179 897 314 968 cineres
328 906 362 961 et
379 893 507 961 rudera
522 893 667 960 urbium
683 906 865 975 testantur,
883 893 1061 961 decretum
1070 889 1171 980 Apo-

179 997 352 1068 stolorum
379 1015 503 1062 verum
527 1016 619 1075 esse,
652 1008 686 1063 et
703 994 889 1062 dissidium
911 994 1051 1062 taudem
1072 991 1171 1089 tolli-

180 1115 249 1170 tur.
302 1094 361 1165 Sic
385 1119 466 1163 cum
484 1096 577 1163 edita
602 1108 653 1163 est
669 1095 807 1188 Synodi
826 1096 1018 1174 confessio,
1045 1108 1079 1163 et
1101 1093 1171 1161 im-

88 1233 90 1237 ’
180 1201 233 1293 pii
258 1197 489 1284 dogmatistae
524 1219 564 1263 ex
590 1194 747 1266 Ecclesia
775 1199 917 1288 piorum
944 1197 1045 1267 eiecti
1076 1207 1173 1279 suut,

181 1298 446 1373 Ecclesiasticus
469 1298 575 1367 iudex
598 1321 673 1366 non
690 1299 770 1367 aliis
793 1298 907 1367 modis
930 1299 1053 1367 tollere
1069 1296 1173 1365 dissi-

184 1404 242 1471 dia
266 1412 395 1491 potest,
421 1423 486 1469 uec
510 1411 562 1467 est
585 1399 706 1481 lictor,
732 1403 790 1467 sed
807 1397 905 1469 Deus
920 1400 995 1489 ipse
1009 1399 1174 1468 defensor

186 1518 238 1575 est
257 1501 433 1584 veritatis,
465 1512 500 1570 et
514 1502 656 1569 tandem
674 1501 769 1571 delet
783 1502 908 1592 impias
924 1515 1051 1584 sectas,
1085 1501 1176 1568 sicut

187 1602 382 1696 Aegyptios
399 1601 549 1680 delevit,
576 1613 610 1669 et
632 1623 734 1692 saepe
755 1603 928 1691 oppressit
949 1600 1097 1672 ludaeos
1118 1601 1176 1668 in·

188 1719 406 1776 stauraturos
423 1726 521 1772 suam
539 1701 718 1793 politiam,
740 1715 776 1772 et
789 1706 878 1771 sicut
893 1705 1035 1773 sustulit
1053 1700 1176 1771 Mani-

189 1802 355 1888 cbaeum,
381 1828 487 1896 quern
501 1802 680 1874 interfecit
693 1801 770 1875 Rex
786 1802 967 1887 Persicus,
994 1829 1073 1874 cum
1089 1817 1179 1873 esset

187 1909 361 1998 impostor
384 1905 489 1975 titulo
516 1902 668 1988 Medici,
702 1919 737 1973 et
756 1906 847 1974 sicut
868 1901 995 1974 Arium
1021 1903 1179 1989 extinxit,

188 2009 248 2080 cui
270 2007 368 2078 velut
389 2003 498 2076 Iudae
521 2005 638 2076 subito
663 2005 820 2075 cruciatu
849 2007 958 2075 effusa
980 2021 1061 2076 suut
1091 2019 1180 2076 exta.

189 2107 243 2181 Ac
255 2109 409 2179 subinde
424 2108 481 2176 vel
495 2108 603 2177 iidem
621 2131 758 2177 errores
773 2108 1012 2198 repullulant,
1046 2109 1103 2176 vel
1118 2108 1179 2176 alii

189 2212 377 2296 oriuntur,
416 2223 457 2281 ut
477 2209 586 2278 nimis
610 2233 692 2279 vere
712 2210 846 2280 dictum
872 2223 924 2282 est
949 2210 987 2278 in
1014 2209 1180 2280 Timonis

190 2336 312 2382 versu:

322 2443 422 2506 Φοιτᾶ
444 2437 463 2524 ἦ
484 2441 683 2528 βροτόλοιγος
703 2438 765 2527 iper
786 2443 887 2508 κενεὸν
910 2446 1062 2508 teleusin.

274 2576 470 2648 Marcionis
487 2580 584 2649 virus
601 2593 718 2650 ortum
733 2595 785 2650 est
800 2595 955 2671 tempore
970 2579 1086 2651 Marci
1104 2577 1180 2649 dn·

190 2680 317 2755 toniui.
347 2677 387 2748 ld
406 2704 524 2749 semen
541 2683 610 2751 fuit
626 2683 740 2752 delirii
754 2679 1060 2766 Manichaeorum,
1083 2684 1178 2775 quod

191 2797 314 2852 natum
346 2781 385 2850 in
408 2779 572 2864 Perside,
604 2784 764 2875 contagia
796 2786 923 2877 sparsit
951 2784 989 2853 in
1012 2783 1181 2869 Africam,

191 2906 281 2979 quae
312 2881 364 2951 ibi
399 2879 516 2953 adbuc
542 2880 735 2975 Augustini
769 2900 925 2979 tempore
952 2889 1179 2977 vagabantur.

192 2986 286 3057 Sunt
300 2997 418 3054 autem
436 3009 455 3053 a
470 2983 595 3055 Marco
612 2982 798 3058 Antonino
816 2991 860 3056 ad
876 2985 1066 3076 Augustini
1082 3012 1179 3076 mor-

193 3101 263 3156 tem
289 3085 375 3154 anni
409 3086 481 3153 fere
508 3088 666 3156 trecenti.
722 3088 885 3157 Tandem
916 3113 1000 3159 vero
1028 3090 1178 3159 extincta

191 3199 294 3266 sunt,
328 3198 368 3255 ut
388 3189 531 3255 tandem
555 3188 732 3259 evanescit
754 3190 996 3279 mendacium,
1029 3191 1094 3260 etsi
1110 3191 1179 3259 alia

191 3288 344 3359 subinde
362 3301 567 3362 nascuntur.
620 3287 746 3361 Servat
768 3305 885 3362 autem
908 3292 1002 3363 filius
1023 3291 1092 3363 Dei
1114 3292 1180 3361 ali-

191 3413 279 3484 quas
304 3413 407 3458 verae
428 3386 606 3459 Ecclesiae
629 3391 817 3492 reliquias,
857 3405 891 3462 et
912 3408 1023 3484 gestat
1050 3395 1089 3462 in
1117 3417 1178 3463 sua

192 3494 326 3575 dextra,
351 3504 391 3561 ut
405 3492 534 3584 inquit,
557 3487 678 3565 Nemo
694 3494 810 3590 rapiet
825 3516 904 3563 oves
919 3519 1019 3565 meus
1037 3517 1083 3565 ex
1098 3519 1180 3564 ma-

193 3590 303 3661 nibus
336 3591 438 3666 meis.
490 3592 594 3666 lubet
625 3596 730 3666 etiam
765 3597 922 3686 singulos
955 3598 1088 3667 interea
1122 3622 1180 3667 re-

190 3716 348 3785 pugnare
364 3696 556 3780 erroribus,
583 3711 616 3768 et
630 3711 723 3768 recte
740 3697 852 3768 facere
864 3699 1030 3784 officium,
1056 3699 1181 3769 etiam-

190 3797 219 3867 si
238 3790 404 3866 humanis
425 3798 601 3877 consiliis,
627 3813 663 3868 et
677 3800 877 3884 laboribus,
899 3824 1016 3894 neque
1031 3804 1180 3870 menda-

90 3912 91 3915 ’
191 3898 255 3982 cia,
275 3922 390 3993 neque
403 3898 548 3968 dissidia
562 3900 682 3969 omnia
698 3900 737 3969 iu
751 3896 816 3971 hac
832 3902 959 3971 mundi
972 3903 1180 3972 confusione

190 3999 269 4070 tolli
294 4013 453 4092 possunt.
511 3999 585 4072 Nec
610 4015 728 4074 tamen
749 4025 894 4096 prorsus
917 4016 1021 4073 eruut
1039 4002 1180 4075 inutilia

191 4101 333 4193 piomm
353 4103 557 4174 certamina.

1220 553 1388 624 officium.
1440 552 1496 620 De
1522 546 1587 618 ltac
1611 548 1787 631 officiosa,
1817 570 1879 614 seu
1903 546 2148 626 oeconomica,
2186 560 2223 616 et

1222 655 1278 745 pia
1294 644 1515 721 mutuatione
1530 646 1627 719 haud
1643 650 1752 717 dubie
1771 649 1932 739 loquitur
1949 649 2004 717 lex
2021 646 2102 729 Dei,
2130 671 2226 742 quae

1224 750 1387 846 prohibet
1405 777 1529 821 usuras
1545 775 1564 821 a
1584 754 1693 820 fratre
1712 765 1844 840 petere:
1866 748 1915 820 Et
1930 744 2117 833 Christus,
2139 773 2227 819 cum

1223 857 1289 926 ait:
1322 849 1424 922 Date
1453 862 1638 940 nrutuum,
1671 845 1773 920 nibil
1798 846 1882 920 inde
1913 859 2114 947 sperantes.
2175 847 2228 920 Et

1224 954 1310 1025 lraec
1325 958 1502 1025 mutuatio
1525 969 1576 1024 est
1593 955 1748 1024 officium
1768 953 1930 1038 virtutis,
1948 977 2022 1022 non
2042 965 2094 1024 est
2110 975 2230 1042 nego·

1225 1059 1340 1127 tiatio:
1382 1055 1429 1126 Et
1456 1071 1497 1127 ut
1522 1050 1591 1125 hoc
1618 1056 1734 1125 officio
1766 1057 1815 1146 pii
1844 1057 1967 1124 iuvent
1998 1055 2229 1125 calamitosos

1225 1172 1383 1250 egentes,
1416 1157 1624 1250 praesertim
1656 1158 1755 1248 pios,
1795 1157 1948 1228 docendi
1982 1170 2018 1228 et
2050 1150 2229 1228 hortandi

1224 1275 1319 1335 sunt.
1369 1256 1419 1331 Et
1438 1283 1513 1330 esse
1533 1260 1639 1330 debet
1664 1259 1859 1349 gratuitum
1881 1259 2057 1344 officium,
2091 1272 2127 1329 et
2142 1281 2231 1350 gra·

1226 1363 1315 1435 tuita
1339 1362 1528 1435 mutuatio.
2157 1385 2167 1408 ⁴

1311 1511 1472 1583 Secunda
1490 1510 1622 1603 species
1636 1510 1761 1580 usitata
1777 1509 2011 1579 mutuationis
2027 1525 2088 1595 est,
2109 1537 2231 1606 quan·

1215 1600 1275 1684 ¹do
1292 1617 1335 1683 ad
1354 1614 1574 1705 profusiones
1590 1627 1715 1702 petunt
1734 1611 1917 1702 Principes
1939 1614 2124 1702 pecuniam
2142 1641 2227 1682 mu-

1229 1729 1309 1800 tuo,
1335 1730 1369 1785 et
1387 1717 1613 1808 plaerumque
1633 1725 1757 1807 petunt
1772 1735 1916 1803 magnas
1933 1737 2098 1788 summas.
2153 1714 2230 1786 llic

1230 1818 1361 1908 duplex
1382 1830 1434 1887 est
1456 1829 1650 1911 peccatum.
1703 1811 1831 1883 Petens
1853 1829 2037 1896 mutuum,
2069 1817 2159 1906 petit
2178 1821 2226 1887 ad

1229 1915 1436 1987 inhonestas
1453 1917 1683 2008 profusiones.
1733 1912 1833 1984 Dans
1853 1929 2014 1984 mutuum
2032 1933 2145 2007 captat
2162 1917 2230 1988 lu·

1231 2044 1350 2102 curm,
1383 2033 1416 2089 et
1434 2019 1587 2111 postulat
1600 2040 1734 2088 usuras.
1776 2014 1872 2086 Haec
1889 2017 2061 2088 mutuatio
2080 2043 2153 2087 non
2173 2035 2228 2091 est

1231 2121 1406 2202 officium,
1432 2123 1491 2190 sed
1508 2123 1679 2215 quaedam
1702 2119 1814 2211 turpis
1829 2118 2038 2208 negotiatio,
2064 2120 2227 2189 dissimi-

1232 2222 1276 2292 lis
1298 2246 1398 2291 verae
1422 2220 1655 2306 mutuatioui,
1695 2232 1729 2289 et
1752 2221 1798 2289 ab
1823 2220 1949 2290 ordine
1975 2234 2226 2291 contractuum

1233 2327 1410 2396 recedens.
1443 2321 1538 2412 Quia
1552 2346 1680 2392 usurae
1696 2334 1777 2391 suut
1792 2335 1914 2392 contra
1932 2334 2107 2392 naturam.
2132 2321 2226 2393 Tol-

1234 2426 1313 2496 lunt
1335 2425 1429 2494 euim
1439 2425 1710 2519 aequalitatem,
1733 2436 1768 2492 et
1783 2417 1998 2494 exhauriunt
2013 2448 2122 2493 unam
2142 2448 2226 2516 par-

1233 2541 1314 2599 tem.
1379 2524 1504 2597 Peccat
1533 2539 1649 2596 autem
1681 2525 1769 2593 dans
1799 2537 1944 2606 mutuo,
1987 2526 2079 2595 sicut
2110 2550 2226 2620 caupo

1232 2629 1323 2698 lucri
1345 2627 1469 2696 iniusti
1486 2649 1605 2697 caussa
1628 2628 1800 2718 praebens
1816 2621 2008 2718 hospitium
2032 2627 2226 2698 lenonibus

1232 2743 1268 2800 et
1290 2730 1435 2814 scortis,
1467 2741 1502 2797 et
1522 2741 1640 2819 peccat
1662 2728 1824 2818 insuper,
1856 2729 1951 2821 quod
1975 2728 2061 2820 petit
2088 2752 2227 2816 usuras,

1232 2855 1321 2927 quae
1337 2844 1419 2900 suut
1435 2830 1547 2922 reipsa
1562 2831 1732 2926 quaedam
1750 2829 1855 2903 furta.

1333 2985 1455 3058 Tertia
1471 2986 1603 3078 species
1618 2997 1681 3070 est,
1707 2997 1832 3056 mutuo
1851 2985 1937 3053 dare
1952 2984 2161 3074 negotianti,
2188 3001 2226 3057 et

1231 3102 1416 3182 quaestum
1441 3089 1594 3160 facienti.
1646 3086 1742 3156 Haec
1760 3087 1932 3156 mutuatio
1951 3099 2003 3156 est
2018 3088 2147 3158 usitata
2166 3088 2226 3158 in-

1231 3206 1284 3263 ter
1306 3202 1527 3263 mercatores.
1578 3187 1647 3259 Hic
1671 3190 1869 3284 quaeritur,
1894 3211 1940 3256 an
1960 3189 2093 3282 aliquid
2119 3189 2225 3260 liceat

1231 3305 1349 3384 petere
1378 3314 1484 3382 supra
1514 3306 1655 3365 sortem.
1708 3290 1877 3360 Doctores
1906 3288 2069 3358 dixerunt
2091 3289 2136 3356 de
2165 3314 2224 3373 eo,

1232 3396 1325 3486 quod
1352 3394 1515 3478 interest,
1543 3405 1575 3462 et
1600 3387 1707 3461 habet
1730 3386 1814 3460 ltaec
1834 3390 2004 3459 sententia
2030 3388 2155 3457 iustam
2183 3405 2222 3460 et

1231 3494 1450 3587 probabilem
1468 3493 1655 3577 rationem,
1681 3492 1763 3586 quia
1780 3516 1885 3561 nemo
1900 3493 2091 3561 debetcum
2107 3489 2226 3560 detri-

1232 3609 1351 3665 mento
1366 3595 1512 3665 alterius
1526 3594 1745 3686 locupletari.
1796 3590 1835 3664 Si
1850 3606 2022 3664 mercator
2037 3590 2227 3680 negotians

1232 3699 1294 3768 dat
1310 3712 1433 3768 mutuo
1450 3697 1527 3766 200
1543 3719 1668 3766 aureos
1685 3694 1786 3766 alteri
1808 3695 1991 3763 mercatori
2015 3692 2229 3783 negotianti,

1233 3823 1313 3868 cum
1328 3811 1416 3869 esset
1432 3812 1466 3867 et
1483 3798 1557 3890 ipse
1582 3819 1709 3870 usurus
1725 3821 1786 3866 sua
1806 3795 1954 3886 pecunia
1973 3795 2012 3864 in
2028 3817 2091 3864 sua
2114 3818 2228 3885 nego-

1232 3901 1397 3971 tiatione:
1424 3923 1575 3994 aequum
1591 3911 1640 3969 est
1656 3913 1690 3970 et
1704 3897 1843 3981 sarciri,
1870 3909 1903 3966 et
1919 3896 2143 3988 compensari
2156 3889 2228 3967 hoc

1234 4003 1510 4074 incommodum.
1549 4000 1585 4070 ld
1605 4013 1732 4070 vocant
1750 3996 1921 4069 interesse
1937 3997 2026 4066 lucri
2041 3997 2227 4074 cessantis.

1233 4102 1349 4174 Potest
1367 4103 1475 4190 igitur
1489 4114 1606 4193 petere
1630 4099 1695 4171 hoc
1713 4099 1902 4184 luteresse,
1933 4100 1992 4169 sed
2014 4099 2063 4170 sit
2083 4102 2228 4185 modus,

1155 4269 1158 4279 ι
1234 4220 1266 4273 et
1282 4229 1355 4273 non
1373 4205 1418 4273 sit
1434 4205 1594 4294 captatio.
1646 4201 1686 4274 Si
1700 4204 1738 4271 in
1757 4201 1817 4272 tali
1842 4224 1923 4270 casu
1941 4215 2099 4272 servetur
2114 4201 2227 4294 quiu-

200 4505 266 4581 No.
284 4505 399 4582 5902.

194 4603 407 4642 m

423 4705 523 4818 (De
553 4715 949 4827 mutuationibus.)

258 4884 328 4943 uer.
346 4887 453 4944 casn.
472 4887 520 4945 ur.
536 4887 569 4943 r.
583 4889 618 4950 u.
636 4906 663 4961 p.
678 4893 730 4947 su
745 4912 805 4965 sqq.

1070 4522 1103 4583 h.
1127 4543 1154 4585 a.

1049 4613 1181 4640 Μ’

483 5056 544 5130 De
570 5063 878 5142 mutuationibus.

185 5198 339 5303 'Priplex
356 5225 409 5282 est
419 5213 608 5285 mutuatior
660 5213 738 5286 Una
755 5228 807 5284 est
820 5215 996 5299 officiosa,
1021 5243 1101 5290 cum
1117 5221 1177 5291 re-

183 5337 265 5382 vera
291 5314 405 5404 egenti
423 5315 598 5410 quispiam
624 5316 687 5387 dat
701 5331 827 5390 mutuo
847 5321 1063 5392 mediocrem
1078 5346 1177 5394 sum-

181 5437 297 5503 mam,
334 5442 404 5512 qua
433 5419 512 5489 sine
535 5416 749 5491 detrimento
774 5422 1031 5517 aliquantisper
1053 5445 1177 5496 carere

1233 4332 1302 4401 que
1321 4308 1363 4373 de
1386 4318 1546 4390 centum,
1577 4328 1650 4373 nou
1666 4305 1792 4382 uellem
1814 4304 1983 4372 damnare
2003 4303 2108 4391 talem
2136 4327 2227 4372 cou-

1234 4422 1395 4491 tractum,
1420 4419 1452 4476 et
1469 4405 1548 4475 ideo
1566 4432 1645 4475 eum
1662 4405 1806 4475 concedi
1823 4419 1907 4493 puto
1922 4429 1941 4473 a
1956 4401 2229 4490 Panormitano,

1233 4509 1433 4592 Hosticum,
1466 4521 1500 4578 et
1532 4509 1611 4577 aliis
1643 4507 1942 4598 negotiatoribus,
1976 4529 2151 4601 quorum,
2185 4520 2229 4576 ut

1232 4612 1300 4704 ipsi
1322 4612 1536 4703 loquuntur,
1559 4610 1741 4681 facultates
1754 4623 1836 4680 suut
1854 4609 1893 4676 in
1908 4605 2068 4698 pecunia.

1336 4757 1460 4827 Valeat
1484 4781 1565 4848 crgo
1590 4755 1649 4828 bic
1675 4759 1811 4849 regula:
1849 4751 2101 4848 Evangelium
2130 4756 2228 4826 sinit

1233 4883 1301 4930 nos
1319 4858 1377 4929 uti
1396 4855 1559 4955 politicis
1578 4858 1738 4955 legibus,
1771 4881 1844 4927 non
1864 4853 2123 4955 pugnantibus
2142 4879 2228 4926 cum

1232 4957 1406 5031 naturali
1421 4963 1615 5059 aequitate.
1666 4962 1741 5033 Cur
1755 4960 1850 5030 euim
1866 4962 1957 5029 alius
1974 4960 2111 5028 lucrum
2127 4960 2229 5028 face-

1231 5081 1302 5150 ret,
1333 5068 1377 5135 de
1401 5089 1459 5149 eo,
1493 5091 1563 5159 quo
1587 5059 1676 5134 mihi
1699 5065 1738 5139 in
1766 5087 1842 5133 mea
1867 5061 2108 5152 negotiatione
2132 5084 2229 5152 opus

1229 5181 1314 5242 erat.
1364 5166 1435 5239 Sed
1450 5167 1494 5238 sit
1513 5170 1660 5254 modus,
1685 5179 1726 5236 ut
1743 5160 1829 5240 dixi.

1330 5318 1373 5390 lu
1387 5316 1530 5408 Belgico
1556 5323 1727 5402 decreto,
1748 5319 1843 5410 quod
1868 5312 1991 5386 autel
2017 5337 2130 5383 annos
2149 5328 2228 5385 sta-

1225 5435 1343 5522 tutum
1360 5434 1421 5508 est,
1446 5421 1599 5492 nimium
1616 5417 1822 5492 conceditur
1834 5416 2132 5503 foeneratoribus,
2159 5419 2229 5490 ubi
