4776 6024
181 203 259 280 488

184 377 296 468 ipsius
324 388 456 464 patrem
483 374 600 444 virum
631 375 778 465 dignam
798 375 918 447 lavore
941 369 1172 443 Celsitudinis

185 490 340 559 vestrae,
368 489 401 545 et
416 490 559 565 propter
575 477 803 546 adolescentis
824 477 989 566 pietatem
1013 496 1092 562 erga
1110 496 1173 564 pa-

185 580 289 648 triam
307 573 556 661 Rostocbiam,
581 592 620 647 ut
643 575 824 648 Celsitudo
846 589 958 646 vestra
983 575 1175 644 clementer

186 675 254 749 ltoc
277 701 417 746 carmen
443 679 608 771 accipiat,
638 695 671 749 et
695 678 977 749 benevolentiam
1004 699 1083 766 erga
1106 674 1175 745 Pa-

187 794 275 850 trem
298 780 463 867 declaret.

290 872 387 949 Bene
423 895 457 952 et
486 879 657 951 foeliciter
689 881 802 950 valeat
833 876 1017 950 Celsitudo
1049 889 1175 950 vestra.

187 980 255 1053 Die
273 979 376 1056 Febr.
397 981 456 1055 17.

500 1114 713 1189 Celsitndini
735 1131 870 1188 vestrae

777 1237 1039 1308 addictissimus

700 1332 889 1431 Philippus
906 1333 1129 1413 Melanthon.

1000 1832 1172 1865 m

485 1936 638 2023 Ioaele.
669 1936 883 2024 Mollem.

258 2099 343 2172 Epist.
361 2099 406 2156 lib.
424 2097 458 2155 ll.
476 2117 503 2169 p.
518 2098 576 2153 520.
595 2097 651 2166 (ed.
670 2095 759 2154 band.
778 2095 827 2152 lib·
843 2096 881 2153 ll·
900 2114 943 2169 ep.
956 2097 1040 2166 8858.

407 2247 465 2325 D.
492 2243 727 2322 Inachimo
752 2244 963 2320 Mollero

190 2386 237 2475 S
264 2395 308 2468 D.
359 2395 562 2468 Clarissime
579 2398 652 2483 vir,
674 2410 709 2467 et
722 2390 926 2467 charissime
941 2398 1069 2480 frater,
1108 2396 1173 2469 Ni-

189 2498 242 2575 hit
259 2498 399 2569 dulcius
411 2512 461 2570 est
475 2500 600 2584 fratre,
626 2498 777 2593 quinon
791 2498 907 2569 solum
924 2514 1071 2590 propter
1095 2523 1175 2571 san-

189 2601 307 2692 guinis
330 2601 597 2691 cognationem,
632 2602 693 2671 sed
716 2600 821 2671 etiam
842 2614 987 2692 propter
1008 2601 1175 2675 virtutem

190 2719 225 2773 et
239 2725 447 2772 consensum
462 2703 506 2770 de
520 2702 626 2772 rebus
639 2701 746 2772 bonis
761 2701 930 2790 diligitur.
971 2698 1072 2773 Talis
1092 2728 1172 2773 cum

190 2806 236 2874 sit
250 2805 289 2873 in
304 2817 337 2873 te
352 2817 386 2872 et
402 2805 509 2872 fratre
520 2827 638 2887 amor,
663 2803 805 2874 virtutis
821 2805 861 2872 in
877 2817 1027 2898 utroque
1048 2803 1174 2874 simili-

189 2906 315 2975 tudine
337 2903 585 2987 coolirmatus,
610 2927 712 2993 spero
729 2902 831 2973 vobis
844 2927 1087 2992 congressum.
1112 2931 1172 2974 ve·

190 3018 302 3075 strum
319 3005 514 3073 iucundum
527 3005 614 3089 iore,
628 3017 663 3075 et
677 3020 717 3075 ut
730 3003 776 3073 eit
789 3004 891 3073 vobis
905 3004 1098 3096 voluptati,
1119 3007 1173 3076 fa·

190 3106 259 3177 ciat
275 3102 389 3189 Deus,
414 3107 474 3198 qui
492 3121 526 3176 et
543 3105 703 3174 condidit
720 3099 880 3203 oaopyolc
903 3102 942 3173 in
958 3118 1084 3176 natura
1103 3101 1171 3176 bo-

190 3207 345 3289 minum,
370 3220 405 3276 et
431 3206 623 3276 delectatur
635 3207 784 3276 fratrum
801 3205 1066 3281 coniunctione.
1115 3204 1171 3280 De

189 3306 342 3400 publicis
363 3307 515 3395 negotiis
538 3302 632 3377 nihil
652 3307 804 3378 scribere
828 3330 989 3398 possum,
1016 3308 1085 3380 nisi
1107 3312 1170 3379 ad-

189 3404 259 3478 buc
279 3432 335 3476 me
358 3407 525 3478 viciniam
542 3422 692 3478 vestram
710 3424 876 3484 metuere.
926 3399 1107 3479 Coloniae
1131 3410 1170 3480 in

187 3510 276 3579 festo
293 3507 508 3598 Magnorum
522 3511 683 3581 mulieris
697 3509 805 3599 impie
823 3508 1090 3581 concionantem
1115 3535 1172 3583 sa·

186 3611 382 3681 cribculum
400 3635 441 3681 ex
456 3613 588 3704 templo
604 3612 783 3683 eiecerunt
796 3611 974 3697 scabellis,
994 3626 1030 3684 et
1044 3614 1170 3684 vulne-

187 3725 320 3783 rarunt.
374 3709 472 3801 Quid
491 3726 610 3804 postea
625 3711 965 3783 accideritnondum
988 3713 1082 3795 scio,
1108 3717 1169 3784 sed

186 3813 407 3904 impudentia
433 3837 651 3895 scurrarum,
684 3813 844 3905 quinon
867 3814 1035 3886 desinunt
1055 3815 1170 3885 mani·

185 3914 310 3986 festam
345 3916 528 3985 veritatem
569 3938 792 4005 oppugnare,
828 3915 970 3983 tandem
1005 3915 1170 4002 irritabit,

186 4016 288 4084 etiam
312 4036 390 4100 eos,
416 4015 478 4108 qui
502 4008 520 4084 a
546 4014 649 4085 nobis
674 4015 849 4084 alienores
866 4016 1020 4089 fuerunt.
1072 4015 1170 4087 Bene

185 4128 220 4184 et
234 4116 384 4184 feliciter
397 4116 486 4186 vale.
533 4114 601 4188 Die
620 4117 679 4190 18.
696 4114 893 4186 Februarii.

180 4534 247 4605 No.
261 4529 374 4606 5742.

185 4630 357 4661 m

497 4731 564 4820 Io.
587 4734 850 4823 Matthesio.

187 4962 190 4967 ¹
245 4896 331 4971 Epist.
343 4896 391 4954 lib.
404 4896 438 4958 ll.
451 4913 480 4970 p.
495 4896 555 4954 tos.
573 4897 628 4967 (ed.
640 4895 728 4956 bond.
741 4896 787 4954 lib.
799 4896 834 4953 ll.
848 4914 891 4968 ep.
903 4896 972 4964 89.).

375 5053 430 5129 D.
455 5051 673 5129 Iohanni
696 5046 968 5126 Mallhesio

173 5191 221 5279 S.
245 5206 289 5277 D.
339 5203 551 5279 Reverende
566 5208 622 5277 vir
644 5223 676 5278 et
692 5201 896 5277 charissime
920 5207 1047 5290 scater,
1081 5203 1157 5279 Ho-

169 5308 229 5379 die
244 5333 285 5378 ex
300 5300 502 5377 Pannonia
526 5309 732 5380 fasciculum
756 5308 938 5381 literarum
957 5309 1094 5401 accepi,
1120 5309 1160 5380 in

757 198 1185 278 ttetsrouattttnt
1237 199 1450 279 LlB.Xll.
1503 196 1632 277 1655.

2141 198 2220 277 488

1222 372 1352 464 quibus
1367 373 1534 443 scribitur
1546 368 1721 442 Ecclesias
1736 384 1829 442 recte
1847 372 2015 443 docentes
2028 371 2095 447 sub
2112 366 2216 445 Tur·

1224 471 1275 542 cis·
1296 473 1333 541 io
1356 467 1557 543 Pannonia
1586 473 1652 546 Dei
1681 472 1851 544 beneficio
1884 488 1919 544 et
1952 475 2145 551 concordes
2179 491 2215 549 et

1224 577 1437 667 tranquillas
1468 599 1554 648 esse.
1612 573 1750 646 luteres
1779 574 1817 645 iri
1845 569 1912 645 hac
1937 589 2058 645 nostra
2082 576 2217 649 vicinia

1224 676 1309 744 alibi
1325 677 1469 745 saevitia
1487 671 1752 770 hypocritarum
1769 676 2004 767 dissipantur,
2031 676 2119 747 alibi
2141 678 2218 749 dis-

1225 776 1324 846 sidiis
1339 777 1550 850 domesticis.
1603 773 1758 848 Orernus
1773 777 1887 849 filium
1902 774 1986 861 Dei,
2013 791 2053 849 ut
2077 778 2116 848 in
2141 793 2217 851 torn

1224 878 1337 946 saevis
1351 878 1615 965 tempestatibus
1630 903 1729 948 suam
1747 882 1908 973 cymbam
1922 893 2049 954 servet.
2101 878 2217 973 Spero

1226 977 1359 1067 Regem
1374 973 1659 1049 Ferdinandnm
1677 1003 1751 1048 nou
1768 981 1843 1049 foro
1859 979 2063 1050 ministrum
2078 982 2216 1055 alienae

1227 1081 1455 1153 crudelitatis.
1505 1072 1761 1150 Lnnterwaid
1774 1076 1863 1150 mihi
1880 1080 2015 1152 bellum
2031 1084 2216 1157 minitatur

1227 1195 1339 1256 atrox.
1389 1181 1461 1253 Sed
1477 1181 1553 1252 eius
1575 1182 1777 1273 praestigias
1796 1206 1869 1251 non
1883 1204 1987 1274 spero
2003 1186 2213 1257 extincturus

1228 1282 1342 1353 iucem
1359 1283 1563 1374 perspicuae
1576 1297 1610 1353 et
1622 1283 1900 1375 simplicissimae
1916 1285 2091 1370 veritatis,
2107 1312 2213 1380 quarn

1227 1384 1295 1453 scis
1311 1408 1367 1452 me
1390 1384 1541 1453 fideliter
1557 1383 1596 1453 in
1613 1386 1773 1455 docendo
1791 1385 2013 1479 quaesivisse.
2065 1384 2113 1460 Et
2130 1383 2215 1459 bsc-

1229 1501 1331 1555 tenus
1348 1482 1542 1576 Papistica,
1566 1476 1816 1572 Osiandrica,
1848 1501 1882 1559 et
1903 1480 2218 1561 Lautermaidiea

1229 1584 1418 1656 certamina
1444 1588 1654 1677 profuerunt
1676 1589 1721 1657 ad
1749 1590 1996 1659 illustrandam
2021 1591 2217 1663 veritatem.

1231 1685 1337 1757 Mitto
1353 1688 1418 1757 tibi
1433 1687 1596 1759 libellum
1611 1682 1836 1785 aDavide*)
1853 1689 2005 1771 editum,
2030 1691 2070 1759 in
2090 1693 2219 1786 quoin

1231 1788 1409 1877 prioribus
1426 1788 1563 1880 paginis
1578 1794 1751 1885 quaedam
1768 1790 1970 1871 emendavi,
1986 1792 2044 1861 sed
2063 1814 2219 1887 sequen-

1231 1889 1276 1957 tia
1299 1903 1444 1980 propter
1466 1914 1585 1960 ntenm
1610 1892 1679 1963 iter
1700 1916 1773 1962 non
1798 1892 1900 1984 potui
1923 1903 2116 1967 conterere.
2173 1892 2217 1963 ln

1229 1986 1435 2083 Hangaria
1460 2006 1643 2083 conspecta
1672 2006 1723 2063 est
1757 1994 1796 2062 in
1819 1999 1900 2065 aere
1920 2016 2036 2084 pugna
2060 1994 2214 2065 duorum

1230 2092 1411 2180 agminum
1445 2106 1666 2183 serpentum,
1697 2094 1759 2189 qui
1789 2118 1826 2165 se
1848 2095 1897 2163 ita
1923 2093 2142 2182 lacerarunt,
2177 2110 2216 2168 ut

1229 2205 1393 2262 cruentae
1407 2207 1522 2285 partes
1538 2194 1751 2281 deciderint,
1775 2195 1875 2288 quasi
1896 2218 1969 2264 non
1987 2190 2131 2287 phasma
2152 2199 2215 2267 secl

1230 2318 1309 2363 vera
1326 2319 1473 2385 corpora
1488 2294 1630 2366 fuerint.
1666 2293 1884 2387 significatio
1899 2320 1973 2365 non
1987 2297 2136 2369 obscura
2150 2312 2213 2372 est.

1228 2391 1384 2465 Oremus
1414 2394 1547 2466 Filium
1573 2393 1641 2466 Dei
1672 2394 1869 2468 Dominum
1900 2412 2061 2468 nostrum
2096 2397 2214 2471 lesum

1227 2492 1410 2567 Christum
1424 2501 1605 2568 custodem
1622 2494 1797 2569 Ecclesiae
1810 2522 1911 2584 suae,
1934 2512 1975 2569 ut
1999 2522 2067 2595 nqs
2088 2523 2212 2571 omnes

1226 2599 1398 2687 gubernet
1412 2611 1447 2669 et
1461 2612 1638 2691 protegat,
1658 2614 1691 2670 et
1704 2601 1751 2672 sit
1764 2592 1872 2701 λόγος
1886 2599 2011 2670 vivens
2028 2601 2066 2670 in
2082 2601 2212 2673 nostris

1228 2700 1448 2789 pectoribus,
1462 2711 1497 2767 et
1513 2700 1617 2772 iaciat
1632 2724 1698 2771 nos
1711 2726 1791 2773 vasa
1806 2700 2081 2773 misericordiae.
2113 2701 2212 2774 Rene

1226 2800 1315 2870 vale.
1365 2797 1433 2870 Die
1458 2800 1516 2875 19.
1539 2798 1736 2878 Februarii.
1787 2804 1947 2877 Salutem
1970 2802 2073 2875 vobis
2093 2805 2213 2876 omni·

1225 2902 1291 2972 bus
1308 2917 1403 2995 opto.

1224 3302 1289 3380 No.
1302 3303 1417 3381 6748.

1222 3518 1436 3609 Stillems
1462 3533 1511 3609 et
1543 3521 1793 3641 Sellapeck
1818 3520 1884 3611 ael
1908 3520 2131 3613 Melontle.
2160 3542 2212 3615 et

1608 3634 1825 3724 Eleatem

1288 3789 1363 3879 er·
1381 3812 1549 3886 satagenie
1564 3813 1592 3868 a
1607 3812 1670 3868 aaa.
1683 3810 1767 3868 ceu
1782 3811 1841 3868 ns.
1862 3812 1891 3866 a
1906 3812 1957 3867 at.
1975 3833 2003 3889 p.
2017 3815 2077 3871 rsa.
2094 3846 2129 3860 -
2164 3818 2211 3875 na

1321 3898 1481 3953 ruponsum
1496 3881 1530 3937 sd
1546 3879 1688 3955 epistolem
1703 3899 1784 3952 snpra
1797 3881 1825 3936 et.
1840 3881 1868 3939 d.
1879 3880 1926 3937 81.
1938 3883 2027 3942 osee.
2042 3885 2119 3942 1858.

2044 3324 2106 3386 21.
2122 3318 2212 3381 Febr.

2033 3405 2209 3435 Μ

1221 4028 1427 4119 Doctrina,
1449 4035 1585 4134 pietate
1603 4047 1635 4108 et
1648 4034 1855 4107 innocentia
1874 4036 1969 4109 vitae
1985 4036 2209 4116 clarissimis

1222 4133 1311 4205 viris
1343 4144 1376 4205 et
1405 4133 1601 4225 Dominis,
1639 4132 1866 4235 Philippo
1897 4136 2208 4216 Melanthoni

1221 4244 1253 4305 el
1279 4229 1434 4308 Paulo
1450 4236 1490 4308 E
1495 4238 1619 4324 bero,
1641 4238 1840 4338 praesectis
1857 4236 2075 4314 Academiae
2097 4241 2207 4320 Wit-

1221 4335 1498 4434 tembergensis,
1521 4337 1700 4411 Dominis
1716 4350 1747 4409 et
1760 4342 2053 4440 praeceptoribus
2068 4338 2205 4419 nostri‘s

1542 4436 1883 4519 Iteverendissimis.

1221 4573 1351 4660 Gratia
1372 4604 1407 4660 et
1425 4613 1492 4680 pax
1513 4615 1533 4661 a
1549 4589 1625 4660 Deo
1647 4606 1748 4684 patre
1765 4603 1801 4663 et
1814 4591 1962 4663 domino
1987 4608 2109 4666 nostro
2126 4595 2207 4667 lesu

1200 4685 1373 4777 Christo.
1422 4689 1632 4786 Accepimus
1656 4694 1776 4765 literas
1797 4707 1946 4780 vestras,
1974 4694 2032 4770 18.
2054 4693 2206 4767 Decem-

1220 4787 1360 4885 bris¹),
1398 4808 1542 4882 propter
1561 4793 1671 4866 ritum
1696 4790 1927 4881 elevationis,
1957 4819 2062 4891 quem
2084 4792 2205 4866 bacte-

1218 4915 1286 4960 nus
1301 4891 1338 4959 in
1355 4895 1486 4964 nostris
1499 4897 1765 4968 observavimus
1787 4897 1940 4967 ecclesiis
1962 4899 2005 4967 ad
2030 4920 2094 4966 nos
2113 4901 2207 4968 scri-

1217 5007 1312 5084 ptas,
1337 4994 1406 5064 viri
1426 5000 1613 5069 reverendi
1636 5014 1672 5072 et
1689 5013 1933 5093 praeceptores
1951 4999 2208 5071 observandis-

1212 5164 1436 5179 m

1244 5250 1273 5319 ¹)
1290 5250 1395 5307 Doride
1403 5251 1557 5323 clymeo.
1573 5248 1652 5306 videl.
1665 5248 1767 5306 librum
1782 5249 1817 5305 tle
1827 5248 2016 5309 mebimonio.

1246 5336 1275 5403 11
1293 5335 1428 5393 Mendoee
1442 5351 1508 5409 prpt
1530 5333 1576 5389 st.
1591 5333 1694 5389 Desit.
