4776 6024
219 238 295 313 uo
785 187 1225 309 uetsronanuu
1277 227 1489 307 marn
1542 177 1715 310 teas(
2170 224 2248 310 eso

166 456 168 461 -
221 401 422 500 Georgium
439 419 473 477 et
490 397 715 501 Iacobum*)
737 429 799 475 sua
816 405 1000 495 diligentia
1022 418 1058 476 et
1079 405 1205 473 mode·
1255 424 1357 471 nema
1385 403 1544 484 addidit,
1568 397 1731 473 Letdum
1753 427 1827 472 non
1846 398 2083 497 omniafinit,
2133 405 2246 478 Cum·

223 511 360 578 ratione
387 532 514 577 ornare
548 509 786 579 ministerium
811 504 1017 597 Evangelii,
1049 519 1084 575 et
1104 506 1207 576 vobis
1256 499 1611 596 quesciam'ushuius
1638 506 1730 574 vitae
1752 507 1867 574 sttulio
1894 520 2031 578 uentrem
2056 531 2130 577 esse
2153 533 2247 602 repo·

206 612 389 679 'omnibus
404 610 630 681 concordiam
652 625 686 682 et
701 610 995 702 tranquillitatem
1012 621 1108 699 opto.
1159 603 1208 675 Et
1253 597 1461 701 γύμνασμα
1475 630 1536 675 scu
1552 606 1756 676 tirocinium
1770 609 1815 676 ad
1834 608 1931 676 illam
1955 623 2136 679 aeternam
2152 612 2249 683 Aca-

217 708 332 781 Deum
358 736 442 792 oro,
469 726 510 783 ut
529 702 645 783 servet
667 707 795 782 harum
816 711 1018 801 Regionum
1033 705 1207 778 Ecclesias

216 825 249 882 et
268 809 526 899 Ecclesiarum,
552 815 772 892 studiorum,
799 814 981 883 doctrinae
996 824 1033 880 et
1048 807 1207 899 discipli-

217 939 283 982 nae
310 909 480 1004 hospitia,
507 931 542 986 et
564 929 603 986 ut
626 938 689 984 vos
711 937 854 1010 quoque
877 927 912 984 et
938 926 1071 982 vestros
1091 922 1208 979 servet

216 1015 426 1087 incolumes.
475 1015 573 1087 Beue
588 1017 714 1091 valete.

956 1107 1156 1205 Philippus.

225 1520 292 1594 No.
310 1516 423 1590 5726.

218 1618 431 1656 Μ
1024 1614 1194 1644 m

522 1714 590 1806 lo.
622 1700 887 1806 Maitisesio.

278 1876 360 1951 Epist.
379 1875 428 1933 lib.
442 1874 475 1932 ll.
493 1893 520 1946 p.
535 1872 578 1930 90.
597 1874 652 1945 (ed.
669 1875 760 1933 hond.
777 1875 828 1932 lib.
841 1876 875 1934 ll.
892 1898 937 1951 ep.
949 1879 1012 1950 ib).

412 2030 468 2108 D.
493 2027 713 2105 Iohanni
733 2030 998 2108 Mattlsesio

210 2178 258 2263 S.
284 2187 332 2262 Ι).
381 2185 591 2258 Reverende
615 2187 672 2255 vir
695 2201 729 2258 et
749 2182 954 2259 charissime
971 2192 1097 2278 frater,
1149 2191 1198 2264 Ut

208 2315 283 2360 mea
300 2288 487 2360 assiduitas
500 2301 535 2357 te
550 2290 594 2357 ad
611 2288 837 2358 scribendum
855 2291 999 2378 invitet,
1018 2294 1136 2363 literas
1149 2296 1196 2364 do

207 2392 373 2463 omnibus
389 2414 478 2483 quos
496 2391 540 2458 ad
560 2412 622 2459 vos
638 2389 751 2461 ituros
766 2414 838 2460 esse
859 2393 984 2479 audio,
1012 2408 1115 2489 teque
1130 2421 1195 2466 oro

128 2544 136 2551 -
206 2508 247 2564 ut
273 2492 445 2583 significes
472 2490 576 2560 nobis
601 2494 783 2584 quomodo
806 2493 932 2568 valeas.
985 2491 1063 2567 Oro
1090 2498 1194 2567 etiam

207 2595 340 2666 Filium
362 2592 429 2663 Dei
453 2591 648 2663 Dominum
673 2607 833 2662 nostrum
860 2591 976 2664 lesum
1000 2594 1194 2684 Christum,

205 2711 244 2768 ut
258 2695 368 2764 animi
386 2708 420 2763 et
437 2694 594 2784 corporis
610 2694 702 2762 vires
725 2695 791 2764 tihi
808 2697 1002 2768 confirmet.
1054 2700 1193 2769 Princi-

150 2859 160 2878 ,
203 2822 264 2890 pes
283 2798 427 2892 quidam
441 2796 543 2864 valde
558 2798 799 2880 contendunt,
822 2811 862 2866 ut
878 2800 1009 2870 nostris
1023 2798 1190 2871 Ecclesiis

207 2899 375 2993 Synodus
401 2896 588 2965 indicatur.
650 2894 807 2965 Maxime
840 2901 991 2989 optarim
1018 2903 1132 2972 bonos
1158 2917 1192 2973 et

206 3003 328 3070 doctos
349 2998 443 3066 viros
459 2998 502 3064 de
520 2996 655 3088 aliquot
675 2999 830 3066 materiis
845 3001 1015 3095 colloqui.
1067 3002 1137 3074 Sed
1159 3005 1188 3074 si

205 3098 394 3171 dissimiles
408 3111 511 3165 erunt
525 3097 563 3164 in
582 3097 653 3165 illis
670 3099 917 3187 congressibus
931 3103 1011 3184 alii,
1029 3119 1189 3175 metuen-

203 3204 289 3272 dum
312 3213 401 3270 esset
415 3192 658 3268 Nazmnreni
680 3201 813 3270 dictum
834 3201 879 3271 de
895 3201 1068 3296 Synodis,
1093 3210 1189 3300 quod

204 3304 269 3376 tibi
287 3316 413 3371 notum
431 3313 493 3371 est.
545 3297 653 3371 Mitto
667 3301 767 3371 vobis
784 3295 1057 3394 Definitionum
1081 3304 1190 3378 tibet-

102 3446 113 3457 ·
204 3404 281 3476 lum
304 3426 428 3472 rursus
450 3400 604 3484 editum,
636 3402 692 3471 cui
717 3405 756 3472 in
786 3403 854 3473 line
879 3408 993 3477 adieci
1016 3414 1188 3503 quaedam

203 3502 286 3599 περὶ
300 3503 428 3586 ἕξεων,
452 3526 542 3596 quae
559 3502 664 3572 velim
683 3519 717 3574 te
732 3518 766 3575 et
781 3496 992 3603 Casparum
1007 3511 1188 3603 inspicere.

202 3609 344 3680 Scribas
364 3600 455 3675 mihi
475 3603 580 3672 etiam
600 3604 634 3675 ei
654 3602 843 3701 ὠφέλιμον
857 3603 963 3682 δοκεῖ
975 3608 1188 3711 συγκρίνειν

202 3703 376 3783 σύνοδον.
401 3703 499 3777 Beue
516 3705 593 3776 vale
610 3720 644 3777 et
658 3709 822 3784 rescribe.
847 3708 914 3782 Die
925 3712 987 3789 27.
1002 3713 1174 3789 Ianuarii.

213 4064 281 4135 No.
297 4061 410 4134 6727.

207 4162 418 4198 Μ

1031 4077 1091 4140 28.
1110 4069 1174 4133 lan.

1021 4161 1190 4189 m

525 4240 601 4329 Ge.
631 4240 859 4330 Fabricio.
932 4352 936 4360 .

270 4402 357 4476 Epist.
369 4400 418 4460 lib.
431 4399 466 4456 V.
478 4421 505 4475 p.
517 4401 569 4458 ⁴20
580 4422 622 4478 sq.

235 4554 440 4656 Georgia
465 4555 710 4649 Fabricio,
732 4562 962 4658 gubernanti
986 4565 1154 4643 scholam

567 4659 813 4744 Misnensem.

200 4798 248 4888 S·
273 4811 319 4888 D.
367 4809 583 4885 charissime
597 4816 717 4889 frater.
770 4815 943 4889 Delectati
958 4841 1082 4889 sumus
1103 4844 1188 4889 nar-

1254 708 1426 791 demiam,
1451 730 1648 797 speremus,
1674 706 1750 778 Deo
1771 733 1877 779 curae
1899 711 1975 780 lore
2000 724 2142 783 nostros
2164 736 2250 785 coe-

1255 822 1329 892 tus,
1355 822 1389 877 et
1404 824 1543 877 nostros
1557 810 1705 883 labores.

1368 907 1411 979 ln
1438 903 1599 980 Polonio
1621 913 1842 983 constituunt
1869 913 2036 983 nonnulli
2068 911 2247 989 Ecclesiae

1253 1031 1352 1089 snas,
1385 1035 1425 1080 ac
1449 1012 1518 1080 iam
1543 1009 1670 1102 hospes
1694 1012 1885 1085 Potentem
1911 1039 2049 1085 mecsrm
2075 1031 2147 1103 est,
2179 1020 2242 1113 qui

1253 1134 1417 1182 acervum
1435 1115 1682 1206 quaestionum
1702 1117 1835 1201 adlert,
1863 1140 1950 1211 quas
1967 1119 2018 1186 ibi
2033 1114 2241 1193 Stoncorus

1255 1213 1384 1292 movit,
1412 1214 1474 1305 qui
1493 1228 1610 1285 tamen
1636 1216 1720 1286 inde
1737 1218 1853 1287 iussus
1872 1233 1923 1289 est
1942 1220 2139 1307 discedere,
2161 1246 2243 1292 cum

1254 1336 1328 1381 non
1345 1314 1512 1385 desiverit
1525 1317 1735 1386 maledicere
1760 1321 1890 1389 nostris
1907 1316 2087 1392 Ecclesiis.
2140 1320 2243 1395 Abiit

1252 1414 1292 1482 in
1303 1411 1558 1502 Walachiam,
1583 1416 1928 1506 ituntsBizantium,
1951 1436 1992 1493 ut
2014 1447 2077 1511 ego
2098 1425 2243 1494 ratioci-

1252 1538 1331 1588 nor.
1384 1515 1510 1586 Vocati
1526 1543 1648 1588 stamus
1666 1523 1710 1589 ad
1724 1523 2015 1593 deliberationem
2032 1526 2182 1595 aulicam
2195 1529 2241 1598 de

1252 1617 1469 1707 inspectione
1484 1617 1734 1695 Ecclesiamm.
1787 1622 1932 1695 Utinam
1958 1650 2040 1694 vero
2064 1640 2158 1697 recte
2174 1631 2241 1696 de-

1251 1719 1397 1788 liberata
1413 1722 1681 1810 perficerentur,
1707 1719 1804 1806 dinae
1816 1721 1892 1822 γὰρ
1909 1719 2014 1824 λόγος
2036 1723 2241 1816 ματαίοντι

1250 1814 1420 1910 πράξεων
1437 1820 1590 1919 ἄμοιρος
1603 1817 1823 1922 γενόμενος,
1847 1842 1888 1898 ut
1903 1824 2155 1899 Demosthenes
2179 1830 2240 1899 in·

1251 1922 1339 2013 quit.

1352 2022 1460 2094 Mitto
1476 2027 1630 2115 pagellas
1651 2029 1696 2097 de
1712 2023 1855 2100 Electra
1866 2022 1922 2122 ⁴),
1947 2030 2041 2099 vires
2060 2031 2100 2101 in
2122 2032 2241 2100 medi·

1249 2124 1386 2194 catione
1410 2126 1582 2196 illustrari
1604 2129 1747 2215 malim,
1784 2154 1873 2224 quas
1895 2133 2051 2223 comperi
2073 2133 2239 2206 mirificas

1249 2248 1331 2294 esse.
1371 2226 1441 2297 Sed
1461 2224 1546 2297 haec
1563 2253 1693 2304 coram.
1734 2226 1970 2317 laetebimur,
1990 2232 2066 2305 Deo
2082 2234 2241 2320 iuvante,

1247 2329 1429 2397 vobiscum
1453 2331 1520 2400 erit
1535 2331 1592 2401 die
1615 2333 1765 2426 septimo
1781 2331 1980 2410 Februarii.
2028 2332 2127 2405 Bene
2144 2337 2240 2408 vale.

1246 2424 1313 2498 Die
1331 2430 1392 2499 28.
1410 2429 1578 2501 ianuarii.

1243 2812 1310 2888 No.
1320 2811 1433 2886 5728.

1249 2910 1421 2968 ‘⁶⁴⁸2

1506 3002 1658 3093 lancie.
1690 3005 1971 3095 camerario.

1309 3160 1397 3235 Epist.
1408 3161 1441 3216 sd
1456 3162 1593 3218 Cameren
1607 3183 1634 3238 p.
1644 3165 1696 3220 668
1709 3184 1749 3237 sq.
1766 3165 1823 3234 (ed.
1835 3165 1925 3222 toea
1937 3166 1986 3223 lib.
2001 3166 2049 3225 lV.
2063 3184 2106 3239 ep.
2118 3169 2204 3231 807),

1241 3328 1466 3407 Clarissimo
1489 3334 1566 3406 uiro
1590 3321 1793 3408 eruditione
1817 3346 1849 3409 et
1874 3349 2000 3410 vertute
2018 3343 2235 3436 praestanti

1242 3435 1269 3508 I
1274 3432 1485 3508 oaclsimo
1504 3427 1782 3511 Camerario
1798 3437 2006 3541 sratrisuo
2022 3442 2231 3530 carissimo,

1241 3574 1289 3661 S.
1315 3586 1359 3659 D.
1409 3586 1557 3658 Utinam
1573 3599 1608 3658 et
1627 3589 1812 3658 universae
1826 3591 2091 3679 gubernationis
2111 3602 2145 3660 et
2167 3593 2229 3662 in·

1241 3691 1430 3782 spectionis
1445 3686 1684 3759 Ecclesiarum
1700 3692 1849 3761 consilia
1871 3708 1955 3765 sunt
1970 3692 2105 3778 felicia,
2138 3718 2230 3786 quae

1241 3792 1321 3886 quis
1336 3805 1396 3861 aut
1409 3793 1598 3881 gubernet,
1612 3805 1672 3861 aut
1688 3792 1780 3863 serio
1800 3807 1915 3874 curet,
1942 3796 2101 3864 nondum
2118 3796 2229 3865 ratio-

1242 3894 1355 3964 cinari
1375 3917 1529 3983 possum.
1588 3888 1782 3963 Excrucias
1810 3894 1945 3984 ingenti
1968 3897 2111 3982 dolore,
2145 3921 2228 3967 cum

1240 3997 1355 4067 fontes
1372 3995 1553 4064 doctrinae
1574 3993 1722 4085 negligi,
1742 3995 1964 4085 disciplinam
1983 3997 2113 4079 deleri,
2140 4023 2228 4068 con·

1241 4096 1372 4165 firmari
1395 4093 1642 4166 Centauricam
1674 4097 1855 4166 audaciam
1878 4097 1995 4171 video.
2051 4094 2100 4169 Et
2128 4123 2225 4170 nune

1194 4278 1202 4292 ι
1241 4197 1398 4267 fortassis
1414 4196 1555 4265 oracula
1573 4210 1738 4286 petentur
1749 4200 1794 4266 ab
1805 4193 2030 4296 Empuso¹),
2055 4213 2225 4296 tanquam

1241 4297 1425 4394 aSibylla.
1477 4294 1614 4366 invitus
1637 4299 1840 4389 proficiscor
1859 4300 1904 4369 ad
1922 4301 2055 4386 aulam,
2080 4315 2116 4372 et
2137 4303 2227 4372 scire

1243 4401 1348 4493 cupio
1367 4423 1412 4468 an
1439 4411 1477 4467 tu
1502 4423 1642 4492 quoque
1658 4402 1845 4471 accersitus
1860 4402 1919 4472 sis.
1970 4399 2143 4474 Fortassis
2163 4428 2225 4472 ve·

1238 4516 1310 4572 ster
1324 4501 1448 4571 Pastor
1464 4501 1686 4570 excusatione
1700 4503 1915 4573 valetudinis
1928 4515 2061 4578 utetur.
2108 4501 2161 4577 Ea
2178 4506 2224 4578 tle

1239 4629 1276 4673 re
1291 4599 1381 4671 mihi
1399 4601 1541 4674 scribas.

1336 4703 1389 4773 De
1414 4701 1497 4770 vino
1520 4702 1667 4790 gratiam
1693 4717 1725 4772 et
1746 4704 1857 4773 debeo
1878 4717 1913 4774 et
1931 4697 2046 4777 habeo
2067 4698 2221 4776 Stibors

1236 4818 1269 4875 et
1292 4803 1369 4876 tibi.
1428 4801 1497 4873 Sed
1528 4804 1685 4894 prolecto
1717 4829 1793 4873 non
1822 4806 1976 4877 libenter
1996 4831 2078 4876 eum
2098 4818 2219 4877 sumtu

199 4915 339 4986 ratione
363 4917 407 4985 de
430 4910 614 4988 Theodori
637 4916 753 4990 Gazae
775 4917 940 5008 praedio,
973 4930 1007 4989 et
1031 4902 1096 4988 bac
1122 4945 1187 4989 nos
1234 4930 1357 4987 ⁰¹¹flr02
1380 4904 1582 5004 praesertim
1598 4929 1678 4975 cum
1696 4906 1802 5003 sciam
1819 4931 1860 4977 eo
1876 4907 2039 5000 pluribus
2051 4930 2130 4979 enm
2143 4906 2221 4977 lar-

198 5018 409 5108 cogitatione
423 5021 689 5106 confirmemus,
713 5040 818 5112 quam
841 5017 920 5105 ille,
945 5042 1008 5090 ceu
1025 5014 1188 5114 Epipho-
1232 5007 1319 5097 ὅῖῐῑ,
1344 5007 1426 5100 qula
1443 5019 1570 5077 flatura
1586 5007 1743 5129 llberttlss
1758 5021 1792 5077 01
1807 5008 1963 5080 benefica
1979 5021 2039 5080 etl·

199 5181 416 5197 m

232 5261 261 5331 ¹⁸)
277 5258 414 5329 Georgius
427 5258 574 5314 matura
586 5259 682 5314 Pastor
695 5259 728 5313 sd
740 5258 800 5317 sed.
812 5259 841 5318 S.
856 5261 946 5334 Petri,
966 5230 1186 5331 etlscabsssSr·

265 5332 364 5382 eatam
378 5330 472 5382 Pastor
484 5329 524 5381 St.
538 5328 619 5381 Blasii
630 5329 701 5398 opud
716 5330 927 5395 ueratrum.
942 5350 1002 5390 sese
1013 5346 1183 5411 opponentes

266 5399 394 5454 Antsns'e
408 5396 529 5472 Ottoni,
542 5395 647 5453 Pastori
663 5394 809 5476 panerio,
822 5401 977 5460 morans.

1262 5251 1292 5318 'l
1312 5251 1514 5323 propositiones
1525 5253 1559 5308 ds
1574 5253 1616 5307 ori
1634 5252 1643 5268 ⁸
1664 5216 1679 5309 ιΙ
1697 5262 1724 5308 et
1743 5253 1831 5314 unsis
1846 5253 1956 5314 sumini
1967 5254 2105 5312 Prusiani
2118 5255 2221 5330 ,dispu-

1295 5329 1390 5375 tatses
1407 5323 1541 5389 Prusae,
1559 5326 1609 5375 al
1632 5320 1675 5377 ⁵5.

1261 5403 1523 5477 theomaro>
1543 5403 1649 5461 ow.
1741 5451 1751 5491 Ι.
1805 5468 1810 5491 ι
1853 5427 1864 5493 J
1911 5478 1915 5485 ¹
