4776 6024
114 247 191 328 366

115 420 224 494 vabit.
274 418 313 489 Si
349 443 417 510 qua
448 419 515 487 erit
550 418 685 488 occasio
720 443 784 510 pro
817 419 922 487 nobis
947 418 1102 502 dicendi,

114 520 419 596 commemorabo,
445 541 594 610 quarum
618 544 736 587 rerum
758 520 1025 608 explicationem
1044 519 1101 588 isti

114 617 266 700 κόλακες
281 624 349 691 τοῦ
363 612 485 710 δήμου
501 620 727 707 impedierint
743 636 777 689 et
792 621 1000 711 impediant.

218 721 418 812 Respondit
444 721 522 788 aula
545 715 574 814 ⁶)
602 723 645 787 de
669 717 831 805 Sabino,
871 735 904 791 et
926 720 1102 811 promittit

115 827 305 905 ducentos,
337 836 370 889 et
394 818 589 889 Sacerdotii
625 825 777 901 reditus,
809 846 915 914 quam
946 821 1100 910 primum

113 926 261 1018 aliquod
279 923 346 995 erit
362 923 400 989 in
417 935 585 1010 potestate
602 918 823 995 Academiae.
856 921 1003 1005 Potavi,
1028 945 1100 989 esse

113 1026 312 1094 verecunde
328 1025 538 1113 petendum,
570 1038 603 1091 et
620 1047 719 1112 posse
736 1022 916 1113 impetrari
932 1022 1100 1090 accessio-

687 244 1118 325 EPlSTOLABUM
1168 249 1276 329 LIB.
1306 251 1391 330 ΧΠ.
1443 253 1575 334 1554.

2075 257 2150 327 366

1154 419 1292 492 restitui
1315 445 1433 511 posse,
1466 426 1495 494 si
1523 427 1561 495 in
1576 427 1778 499 executione
1794 427 1851 517 pia
1865 427 2060 495 moderatio
2078 430 2142 497 ad·

1156 515 1347 592 hibebitur.
1407 521 1462 593 De
1484 525 1629 621 Synodo
1651 529 1734 621 quid
1759 550 1969 618 responsura
1992 526 2038 595 sit
2059 527 2146 611 aula,

1155 635 1293 705 nostra,
1328 626 1489 693 nondum
1526 628 1608 700 scio.
1672 627 1742 697 Sed
1774 619 1969 696 Timotheo
1993 626 2139 715 exposui

1154 745 1247 790 meas
1270 724 1519 811 cogitationes,
1552 729 1655 795 etiam
1680 729 1711 796 si
1733 751 1858 815 magna
1875 726 2041 820 Synodus
2064 749 2137 794 non

1155 824 1282 912 poterit
1298 828 1513 914 congregari.
1552 824 1667 897 Credo
1684 842 1802 896 tamen
1821 850 1919 918 posse
1937 827 2137 918 aliquorum

1154 923 1294 1012 piorum
1320 926 1536 1017 colloquium
1553 929 1714 1011 institui,
1746 929 1805 996 sed
1822 928 1920 1017 prius
1934 927 2136 1017 principum

1152 1024 1351 1093 voluntates
1380 1028 1581 1101 audiantur.
1649 1027 1746 1096 Bene
1771 1042 1804 1097 et
1829 1028 2001 1097 foeliciter
2023 1028 2137 1095 valeat

113 1148 195 1197 nero
217 1150 297 1195 com
322 1124 458 1215 aliquid
481 1123 676 1213 scripsisset
699 1125 742 1191 ad
765 1122 978 1213 Principem.
1029 1121 1099 1192 Sed
1151 1120 1242 1196 Cels.
1259 1139 1344 1196 vest.
1360 1127 1416 1193 cui
1439 1130 1525 1197 deus
1546 1130 1590 1196 ad
1606 1130 1755 1199 sal-utem
1771 1123 1948 1198 Ecclesiae
1963 1128 2068 1216 longa
2083 1127 2137 1193 vi-

114 1228 234 1298 andiet
263 1225 368 1296 etiam
399 1225 617 1292 'voluntatem
649 1216 894 1292 Marrhionis
915 1220 1099 1301 Electoris,

114 1328 180 1400 etsi
202 1351 265 1416 ego
288 1326 429 1418 quidem
456 1326 629 1409 arbitror,
665 1348 766 1416 posse
791 1349 871 1395 eum
896 1346 1039 1392 manere
1060 1323 1099 1390 in

114 1427 304 1499 Academia
319 1423 613 1514 Regiomontana.
649 1424 739 1495 Nam
757 1422 833 1495 heri
852 1447 1012 1494 reversus
1029 1418 1099 1492 huc

113 1525 273 1599 Iacobus
299 1526 539 1615 Tubingensis
571 1526 691 1597 attulit
725 1522 967 1619 decretum⁷),
1004 1524 1097 1615 quod

113 1631 177 1702 etsi
195 1625 362 1698 Sabinus
387 1628 511 1697 dorius
532 1628 801 1717 interpretatur,
826 1641 944 1696 tamen
967 1625 1029 1693 ubi
1047 1625 1098 1692 le-

114 1732 205 1822 geris
236 1730 398 1800 existimo
431 1743 467 1798 te
497 1725 760 1824 ὲπιεικὲστερον
787 1717 1096 1818 interpretaturum

114 1855 196 1905 esse.
248 1825 458 1899 Timotheus
472 1830 675 1900 tabellarios
690 1843 780 1900 recta
796 1830 972 1919 proiectus
988 1826 1097 1895 estad

112 1930 247 2004 Ducem
268 1925 485 2023 Augustum.
537 1931 577 2002 Si
599 1932 685 2022 quid
704 1933 746 1998 ad
763 1954 828 1999 nos
845 1931 1027 1999 literarum
1045 1927 1099 1993 af·

111 2035 219 2119 feret,
251 2033 316 2103 tibi
343 2032 489 2103 mittam.
541 2031 646 2101 Nunc
670 2033 773 2102 mitto
798 2026 969 2099 Iohannis
984 2024 1098 2095 Auri-

106 2131 220 2235 sahrs'
235 2133 428 2225 epistolam.
474 2131 623 2202 Publica
640 2144 756 2202 autem
770 2130 991 2200 renunciatio
1007 2129 1096 2196 facta

114 2244 170 2309 est·
189 2231 272 2332 scapi
291 2238 357 2327 τῆς
377 2233 572 2326 ἐπισκοπῆς
585 2228 635 2324 ⁸),
660 2246 699 2302 ut
715 2233 761 2301 sit
776 2224 968 2300 Iohannes
984 2223 1097 2294 Auri·

109 2335 225 2438 sabrr
240 2337 347 2406 totius
363 2336 531 2404 dioecesis
544 2333 762 2404 Sambieosis
781 2331 970 2423 inspector.
1001 2325 1099 2396 Bene

116 2453 152 2510 et
163 2437 312 2507 feliciter
325 2437 423 2516 vale,
449 2434 547 2504 XIX.
561 2432 636 2506 Cal.
654 2432 844 2507 Novembr.

848 2526 1047 2622 Philippus.

113 2768 285 2780 ...μ-.-
298 2759 778 2775 .-.-.-....,..-.--..-...-..----

127 2915 192 2988 Νο.
208 2910 321 2989 6678.
948 2909 1008 2975 24.
1026 2905 1099 2973 Oct.

115 3010 323 3042 Μ
375 3089 569 3179 Albcrto
597 3087 723 3173 Daci
750 3084 832 3169 Pr.

181 3260 218 3314 Ex
231 3255 399 3330 autographo
413 3253 483 3309 edita
497 3269 512 3306 a
526 3249 617 3305 Fabro
631 3247 660 3304 io
674 3247 753 3320 epist.
770 3265 796 3319 p.
808 3242 869 3299 203.
886 3261 926 3314 ep.
941 3242 984 3300 59.

343 3406 533 3481 Alberlo
557 3401 662 3474 Duri
673 3399 879 3471 Borussiac

111 3554 164 3639 S.
188 3560 236 3632 D.
285 3553 526 3626 illustrissime
559 3561 595 3618 et
625 3546 893 3617 clementissime
917 3546 1099 3638 Princeps.

112 3662 271 3735 Maxime
295 3654 447 3745 optarim
471 3673 510 3717 re
532 3651 624 3717 bene
647 3646 839 3715 deliberata
863 3647 956 3716 inter
976 3649 1098 3716 doctos

113 3777 148 3834 et
164 3761 243 3852 pios
258 3753 425 3847 explicari
441 3748 609 3843 quasdam
625 3745 891 3816 controversias.
917 3744 987 3816 Sed
1001 3747 1097 3817 videt

111 3862 294 3936 Celsitudo
318 3869 452 3937 vestra,
482 3849 597 3943 qualis
617 3843 728 3931 aetas,
762 3859 893 3939 quanta
910 3847 1027 3915 rabies
1040 3847 1097 3915 in·

112 3965 308 4056 geniorum.
358 3955 443 4024 ldeo
458 3952 531 4021 sive
544 3972 690 4039 magna,
715 3947 789 4017 sive
805 3971 912 4040 parvo
930 3945 1097 4041 Synodus

113 4063 318 4144 conveniat,
350 4057 503 4125 multum
521 4065 574 4121 est
591 4049 842 4142 periculorum.
892 4047 964 4120 Sed
977 4062 1095 4120 tamen

112 4168 142 4237 si
158 4166 277 4256 aliquo
294 4160 448 4227 vocabor
462 4156 507 4223 ad
525 4154 665 4244 piorum
681 4150 920 4244 colloquium,
945 4174 1018 4220 oon
1034 4153 1096 4221 de-

110 4268 208 4357 fugio
225 4266 399 4343 laborem,
418 4270 479 4327 aut
496 4254 663 4346 pericula.

215 4364 268 4436 De
305 4359 510 4429 executione
540 4356 580 4423 in
612 4353 737 4422 vestris
770 4349 938 4422 Ecclesiis
971 4349 1096 4439 scripsi

109 4491 229 4538 meum
261 4460 363 4531 fidele
393 4455 580 4525 consilinm
606 4454 645 4520 in
671 4452 805 4542 pagella
833 4473 938 4540 qnam
964 4443 1094 4517 Timo.

111 4562 217 4638 tirus
228 4558 268 4658 *)
282 4556 476 4647 descripsit.
525 4553 637 4645 Spem
653 4573 775 4642 paoem
790 4546 956 4618 Ecelesiis
972 4548 1096 4615 vestris

109 4703 307 4723 ου’-»κ’

144 4778 174 4850 6)
192 4775 308 4830 Videtur
326 4787 382 4823 esse
399 4764 459 4820 aula
482 4758 658 4821 Dresdensis;
680 4757 768 4814 voluit
790 4758 917 4811 nimirum
930 4753 1047 4811 Sabinus
1065 4777 1096 4813 ex

180 4843 287 4902 Proseis
307 4841 423 4906 migrare
443 4842 555 4903 propter
573 4827 706 4882 tumultus
722 4826 920 4891 Oriaodricos,
941 4833 970 4878 et
984 4837 1095 4883 vocatu

181 4924 221 4969 est
240 4910 337 4964 doctor
358 4905 386 4957 in
407 4897 580 4956 Academiam
600 4893 871 4951 Francolordianam.
911 4893 1008 4950 Postea
1026 4914 1095 4951 vero

176 4982 389 5052 Regiomontum
404 4968 494 5024 rediit.
1073 4985 1076 4989 .

143 5070 174 5137 7)
190 5071 340 5122 Decretum
355 5056 430 5110 linita
444 5051 557 5125 Synodo
569 5047 802 5119 negtomoneana,
823 5047 851 5103 d.
861 5046 905 5104 24.
916 5046 1009 5119 septb.
1026 5065 1096 5119 pro·

144 5130 425 5292 8)¹t({¹ll¹p¹⁸:¹:¹;·n0dm
438 5205 564 5277 Regioro.
578 5201 736 5266 haberetur,
754 5165 780 5255 d.
793 5196 819 5253 2.
834 5197 926 5272 Septb.
941 5198 1017 5252 1554.

145 5313 174 5378 ⁹)
191 5303 324 5364 &reserate
335 5300 378 5353 bel
392 5296 514 5361 bettoni.
532 5287 631 5354 (Faba.
654 5276 690 5326 ss-
723 5280 877 5352 scripserat
892 5302 968 5338 ruam
981 5291 1094 5338 sentcn-

177 5377 263 5436 tiaru,
279 5384 364 5443 quum
377 5365 448 5420 med.
462 5358 557 5433 septb.
568 5356 600 5411 la.
611 5374 636 5412 a.
646 5353 769 5411 Dcesdas
782 5360 861 5409 suec

1152 1237 1205 1294 tae
1217 1227 1332 1316 spacia
1350 1226 1490 1301 tribuat.
1541 1227 1654 1300 Datae
1669 1232 1727 1299 die
1741 1227 1803 1303 24.
1820 1225 2001 1313 Octobris.

1889 1356 2087 1450 Philippus.

1164 1628 1406 1640 -ψ--υ-...ι-
1415 1631 1497 1639 -ι--α
1507 1629 1785 1640 *on—...nemu
1794 1627 2132 1639 -aeA—-o-a--u-—Q

1162 1816 1358 1900 mmm
1978 1774 2125 1895 mm.

1157 1919 1368 1955 Μ

1455 2016 1523 2101 lo.
1552 2013 1827 2133 Aurifabra.

1219 2195 1238 2262 †
1257 2191 1295 2247 Er
1306 2206 1401 2264 apogr.
1421 2190 1451 2244 in
1465 2192 1528 2248 cod.
1542 2190 1629 2248 Paris.
1646 2189 1684 2248 Ι).
1696 2191 1730 2249 1..
1744 2193 1806 2246 54³.

1150 2360 1214 2438 M.
1239 2360 1419 2435 Ioanni
1448 2359 1732 2462 Aurifabro,
1769 2362 1888 2436 amico
1920 2390 1989 2437 suo
2021 2367 2139 2438 σανίς-

1422 2461 1527 2536 simo.
1578 2458 1861 2561 (Regiomonti.)

1151 2607 1366 2688 Reverende
1393 2616 1506 2684 viret
1527 2613 1704 2682 carissime
1724 2614 1842 2683 frater.
1909 2609 1993 2682 Etsi.
2010 2616 2050 2684 io
2072 2612 2139 2685 hac

1078 2757 1095 2763 --
1151 2716 1361 2787 confusione
1372 2716 1615 2804 negotiorum,
1640 2714 1679 2781 in
1695 2737 1787 2807 qnae
1799 2727 1920 2785 nostra
1938 2729 2029 2785 aetas
2046 2715 2137 2784 ioci·

1151 2819 1221 2902 dit,
1247 2840 1348 2907 saepe
1365 2829 1549 2885 mutantur
1565 2814 1765 2885 voluntates
1779 2809 1985 2898 hominum,
2017 2828 2136 2887 tameo

1150 2941 1233 2986 vere
1250 2913 1319 2985 hoc
1334 2916 1510 2984 affirmare
1524 2937 1684 3005 possum,
1708 2938 1822 2983 meam
1835 2936 1917 3003 erga
1931 2928 1965 2984 te
1981 2914 2135 2989 benevoe

1151 3016 1297 3087 lentiam
1314 3038 1498 3108 nunquam
1513 3027 1682 3084 mutatam
1699 3037 1782 3087 esse.
1835 3011 1887 3083 Ac
1904 3016 2017 3086 mult-a
2036 3018 2136 3103 signa

1150 3129 1234 3188 sunt
1255 3117 1332 3185 veri
1355 3116 1502 3198 amoris,
1541 3139 1582 3183 ex
1607 3115 1737 3207 quibus
1761 3115 1959 3204 intelligere
1979 3118 2138 3206 potuisti,

1150 3242 1264 3287 meam
1285 3239 1365 3306 erga
1386 3230 1421 3285 te
1441 3216 1724 3286 benevolentiam
1744 3239 1819 3284 non
1840 3216 1996 3286 fucosam
2015 3217 2135 3287 fuisso

1150 3318 1262 3410 Spero
1285 3330 1403 3387 autem
1423 3318 1519 3398 fore,
1549 3317 1652 3385 utin
1675 3314 1750 3386 Deo
1773 3317 1811 3384 in
1834 3329 1906 3385 tota
1929 3317 2135 3388 aeternitate

1149 3442 1263 3489 onum
1279 3417 1400 3488 simus.
1438 3415 1541 3484 Nunc
1556 3428 1591 3482 te
1605 3439 1687 3496 oro,
1713 3430 1752 3485 ut
1767 3412 1953 3485 Sabinum
1967 3417 2136 3487 illustris-

1150 3520 1239 3588 simo
1253 3516 1411 3605 Principi
1427 3516 1661 3586 commendes.
1711 3511 1854 3584 Etcum
1872 3517 1976 3598 scias,
2003 3540 2082 3587 eum
2098 3530 2135 3588 et

1149 3621 1255 3689 fuisse
1278 3629 1486 3685 omamento
1507 3610 1719 3682 Academiae
1743 3613 2067 3702 Regiomontanae,
2098 3632 2132 3686 et

1149 3721 1182 3790 ei
1205 3719 1370 3805 deinceps
1394 3739 1493 3806 posse
1516 3714 1752 3783 celebritatem
1776 3717 1921 3798 addere,
1946 3718 1993 3783 sis
2011 3713 2131 3785 horta-

1148 3834 1215 3901 tor,
1242 3833 1283 3891 ut
1295 3817 1463 3910 Princeps
1478 3814 1738 3884 illustrissimus
1754 3814 1858 3886 toties
1872 3814 2010 3905 scriptis
2024 3816 2132 3884 dura-

1148 3922 1237 3993 turis
1251 3923 1351 3991 abeo
1367 3931 1523 4001 ornatus,
1545 3916 1664 4008 priore
1681 3939 1760 3985 eom
1776 3915 2022 3985 benevolentia
2035 3938 2132 3982 eom·

1148 4025 1338 4114 plectatur,
1350 4037 1398 4093 ’et
1411 4018 1586 4110 stipendio
1600 4041 1665 4087 suo
1680 4018 1716 4085 in
1733 4013 1923 4086 Academia
1941 4014 2132 4084 elementer

1146 4126 1274 4204 foveat,
1301 4136 1337 4193 et
1351 4123 1587 4214 praebeantur
1602 4119 1633 4184 ei
1649 4141 1700 4196 ea,
1719 4141 1809 4209 quae
1825 4117 2009 4187 debentur.
2042 4113 2130 4198 Scis,

1148 4225 1287 4295 anobis
1302 4247 1377 4292 non
1391 4245 1463 4291 esse
1479 4232 1596 4289 ortum
1614 4216 1757 4286 initium
1775 4217 2030 4286 discordiarum
2045 4211 2130 4285 Bal-

1146 4321 1339 4407 thicarum;
1366 4335 1399 4391 et
1416 4344 1505 4412 quae
1519 4342 1595 4386 mes
1610 4318 1715 4387 fuerit
1728 4318 1922 4387 moderatio
1937 4331 1978 4387 to
1997 4317 2129 4408 optime

1147 4422 1326 4509 intelligis.
1379 4416 1457 4490 Oro
1481 4420 1605 4507 igitur,
1629 4416 1945 4488 utlllustrissimus
1959 4415 2129 4507 Princeps

1147 4518 1324 4590 heroicam
1358 4521 1553 4589 bonitatem
1586 4542 1666 4607 erga
1698 4542 1763 4587 nos
1794 4542 1935 4611 quoque
1960 4533 2128 4589 exerceat.

1146 4619 1243 4690 Bene
1260 4633 1293 4691 et
1306 4620 1456 4689 feliciter
1473 4620 1560 4691 vale.
1611 4618 1682 4691 Ubi
1697 4633 1819 4710 potero
1836 4620 1975 4688 flectere
1990 4619 2129 4688 animos

1147 4723 1190 4790 ad
1224 4720 1448 4789 concordiam
1474 4719 1568 4790 inter
1599 4743 1666 4788 nos
1698 4721 1860 4792 studebo.
1909 4717 2007 4788 Bene
2038 4721 2128 4790 vale.

1145 4823 1207 4898 25.
1222 4818 1371 4901 Octobr.
1422 4821 1604 4911 Significat
1624 4820 1745 4902 etiam,
1772 4844 1807 4888 se
1830 4820 1975 4915 solvisse
1991 4819 2126 4889 aerario

1146 4923 1357 4996 Academiae
1385 4947 1518 4993 marcas
1548 4921 1802 5014 quinquaginta
1826 4932 2010 5004 etonem,
2041 4944 2127 5012 quas

1147 5049 1220 5094 non
1253 5024 1417 5094 debuerit
1447 5035 1484 5092 et
1517 5045 1590 5089 non
1624 5020 1836 5088 converterit
1862 5019 1901 5088 io
1927 5046 2012 5092 usus
2034 5045 2126 5090 suos.

1146 5122 1235 5194 Eam
1248 5124 1432 5213 pecuniam
1447 5123 1553 5191 etiam
1567 5120 1668 5189 reddi
1684 5120 1716 5187 ei
1732 5143 1808 5203 oro,
1834 5145 1875 5191 ac
1887 5133 2000 5193 totum
2014 5117 2128 5189 Sabi-

1147 5247 1234 5293 num
1252 5223 1317 5291 tibi
1336 5223 1557 5293 commendo.
1596 5216 1794 5289 Meministi
1812 5216 1879 5291 hoc
1890 5218 2125 5311 Euripideum

1080 5420 1085 5429 .
1146 5348 1243 5396 ame
1264 5346 1367 5415 saepe
1392 5322 1593 5392 recitatum:
1626 5321 1657 5392 el
1679 5316 1731 5416 μὴ
1753 5316 1828 5420 yoip
1853 5318 1907 5394 uir
1926 5320 2129 5416 ἄνθρωπος

1968 1917 2131 1943 Μ
2253 1944 2258 1949 1
