4776 6024
238 299 313 372 223

240 467 409 541 collocari
424 483 539 555 queas.
588 455 693 529 Nunc
706 458 844 550 placide
858 461 949 530 ieras
972 459 1171 553 praesentia
1193 470 1228 527 et

193 630 197 643 .
240 584 316 641 arte
340 563 563 635 difficultates
591 560 715 633 lenias.
775 559 997 633 Commendo
1030 560 1099 631 tibi
1131 556 1229 630 bunc

239 657 562 748 dnodtdoiaxaiov,
592 675 626 732 et
649 685 711 731 vos
734 659 924 745 adhortor,
950 677 992 735 ut
1003 662 1228 734 concordiam

240 768 408 842 omnibus
422 765 549 836 officiis
565 763 746 835 tueamini.
780 763 877 835 Bene
892 765 983 840 vale.
1008 764 1067 834 die
1082 762 1230 835 efficta.

242 866 354 943 1554.

979 904 1181 1054 Phtttppuc

243 1311 311 1382 No.
324 1303 436 1378 5541.

249 1404 420 1437 w

1073 1314 1128 1375 18.
1142 1306 1230 1367 Febr.

1053 1394 1227 1427 Μ

563 1487 630 1576 Io.
651 1488 914 1574 Mattiesio.

312 1655 398 1729 epac
409 1653 458 1709 ns
471 1652 505 1709 ιι.
518 1669 548 1724 p.
562 1653 622 1705 roo.
639 1650 694 1717 (a.
706 1647 793 1709 cona.
806 1649 852 1706 ιιι.
864 1649 899 1703 ιι.
914 1667 957 1722 sp.
969 1649 1037 1712 ssa.

445 1808 501 1883 D.
528 1803 743 1881 Iohanni
767 1800 1034 1879 Matthesio

245 1946 294 2037 S.
316 1963 361 2037 D.
411 1958 621 2033 Reverendo
637 1960 693 2030 vir
706 1974 740 2031 et
755 1952 958 2029 charissime
983 1958 1110 2041 irater,
1143 1950 1228 2023 Exi-

245 2089 315 2153 guo
330 2064 517 2132 intervallo
541 2058 607 2131 bae
630 2063 790 2150 regiones
807 2060 1001 2128 amiserunt
1019 2060 1108 2127 duos
1125 2053 1231 2124 Prin·

245 2165 358 2254 cipes,
381 2186 502 2231 mense
517 2160 611 2232 lulio
627 2163 764 2229 Ducem
779 2154 1030 2244 Mauriciam,
1055 2171 1089 2227 et
1109 2179 1230 2226 recens

244 2262 381 2335 Ducem
398 2255 608 2332 Iohannem
623 2255 853 2331 Fridericam
865 2256 919 2351 ¹),
943 2261 1006 2353 qrri
1030 2254 1231 2331 babuerunt

245 2366 369 2435 brevia
390 2377 424 2432 et
447 2363 604 2456 inquieta
628 2362 722 2431 vitae
747 2375 782 2432 et
802 2361 1069 2451 gubernationis
1098 2360 1230 2450 spacia;

246 2466 309 2559 qui
331 2465 362 2533 si
378 2467 571 2534 concordes
585 2464 750 2547 fuissent,
776 2462 978 2533 coniunctio
996 2485 1119 2533 eorum
1135 2461 1231 2530 salu·

245 2566 332 2637 tacis
346 2565 468 2634 fuisset
485 2578 517 2635 et
540 2565 687 2654 patriae,
711 2578 743 2634 et
760 2564 863 2653 ipsis,
889 2577 923 2634 et
947 2565 1020 2633 fere
1044 2563 1231 2632 universae

246 2660 482 2738 Germaniae.
536 2663 587 2735 Ac
605 2688 741 2755 semper
755 2665 854 2733 dolui
877 2678 958 2733 ante
973 2688 1086 2733 annos
1109 2665 1228 2732 decem

247 2769 379 2840 semina
396 2767 592 2836 discordiae
607 2767 741 2856 spargi,
757 2790 798 2835 ex
815 2767 945 2857 qttibus
960 2766 1128 2856 paulatim
1149 2766 1230 2832 lou--

246 2895 288 2961 ga
303 2867 502 2957 Tragoedia
524 2882 600 2937 orta
623 2880 694 2950 est,
722 2866 823 2935 cuius
839 2868 942 2934 finem
967 2891 1040 2935 non
1058 2867 1229 2937 videmus.

246 2968 325 3040 Oro
347 2982 464 3038 autem
487 2976 601 3036 lecum
624 2982 658 3036 et
682 2991 762 3035 cum
788 2967 954 3034 universa
977 2964 1155 3047 Ecclesia,
1189 2979 1229 3033 ιιι
1338 3049 1342 3056 Ι

246 3068 360 3169 Filius
385 3069 456 3140 Dei
480 3071 661 3137 medeatur
681 3066 811 3135 nostris
832 3067 952 3150 malis,
986 3079 1021 3136 et
1044 3090 1116 3135 non
1138 3067 1229 3135 sinat

246 3174 323 3242 fieri
338 3171 550 3241 vastationes
571 3184 605 3238 et
624 3167 734 3236 deleri
750 3162 943 3247 Ecclesiae,
970 3168 1169 3237 doctrinam
1196 3179 1231 3236 et

248 3274 471 3361 disciplinam
499 3272 536 3338 iu
558 3264 615 3337 his
637 3268 851 3355 regionibus.
902 3267 1109 3337 Transactio
1137 3270 1231 3336 inter

246 3372 382 3444 Ducem
399 3366 607 3443 Iohannem
624 3363 855 3439 Friderieam
874 3366 942 3439 Dei
960 3370 1128 3439 beneficio
1151 3370 1230 3437 scli-

248 3478 334 3544 citcr
358 3477 447 3543 lacta
468 3487 529 3543 est.
589 3472 684 3541 Dens
715 3472 887 3559 gubernet
910 3497 974 3541 nos
1000 3486 1032 3540 ct
1048 3472 1231 3560 Principes

248 3576 424 3667 deinceps.
474 3572 527 3644 De
544 3561 683 3641 Carolo
696 3595 770 3640 non
791 3572 880 3642 libet
895 3574 1047 3643 scribere
1063 3573 1159 3659 vulgi
1177 3573 1231 3640 la-

248 3676 368 3756 bulas,
394 3669 475 3762 ζιόει
492 3671 688 3767 initiante
701 3669 819 3746 κακὸν
832 3668 871 3745 d'
889 3668 1076 3766 ἀνεμώλια
1091 3667 1231 3763 βάζειν.

248 3776 356 3848 Mitto
374 3777 438 3847 tibi
454 3777 652 3845 orationem
667 3776 712 3844 de
726 3773 892 3866 Principe
905 3767 1088 3845 Ascania²
1099 3773 1138 3869 )‚
1169 3774 1232 3865 qrri

247 3893 282 3949 te
305 3879 405 3948 valde
431 3877 565 3948 dilexit.
622 3875 703 3945 Non
736 3870 906 3944 habebam
930 3878 1031 3967 plura
1059 3876 1231 3964 exempla:

249 3983 411 4051 ostendes
432 3981 541 4067 igitur
563 3992 596 4048 et
613 3975 756 4046 caeteris
772 3976 914 4059 amicis,
941 3992 975 4047 et
998 3977 1166 4045 rescribes
1187 3998 1233 4043 an

250 4082 385 4169 legeris.
444 4080 709 4173 Hieronymum
738 4069 1013 4146 Scholaodrum
1045 4072 1233 4145 honestum

249 4176 430 4250 hominem
455 4182 600 4249 morbus
621 4181 660 4249 in
682 4179 830 4271 patriam
848 4179 962 4247 redire
980 4178 1112 4267 co'e'git,
1138 4202 1233 4245 com-

250 4280 396 4353 mendes
417 4305 497 4349 eum
521 4280 652 4349 amicis.
703 4278 801 4351 Bene
823 4281 910 4349 vale.
962 4276 1031 4349 Die
1056 4305 1126 4373 qno
1153 4294 1234 4349 arde

252 4407 365 4453 astrios
385 4375 880 4465 mammaemammal,
907 4398 940 4451 et
962 4374 1145 4453 brachium
1164 4406 1233 4473 quo

251 4484 434 4553 minitatus
459 4496 532 4550 crat
555 4482 703 4570 templo,
735 4505 943 4569 suspensum
967 4497 1017 4553 est
1042 4498 1123 4553 ante
1145 4497 1234 4553 tem-

253 4587 364 4676 plum.
417 4585 511 4653 lmus
526 4581 602 4657 Deo
617 4582 770 4652 servanti
786 4580 988 4655 Ecclesiam.

290 4839 315 4902 ¹)
324 4833 509 4958 lhlllb'bndbafc
516 4829 702 4971 aiilflllsihbh
711 4831 1020 4970 ἰιιᾚιΐιειιιᾶειιιέοιιξιὶιιδίἷ,
1033 4829 1237 4952 sichomlbliibbchi·

323 4975 383 5026 dus.
417 4969 521 5025 Similia
541 4970 650 5042 scripsit
670 4967 737 5023 Mel.
757 4966 785 5020 in
805 4986 848 5040 ep.
870 4968 898 5021 d.
922 4966 961 5023 te.
982 4970 1064 5023 Mart·
1087 4966 1123 5018 sd
1136 4966 1238 5021 Febri-

324 5043 409 5096 cium.
448 5039 677 5093 Trsnssstiooem
702 5056 766 5092 cum
790 5039 913 5108 Augusto
944 5036 1058 5093 loannes
1083 5036 1238 5091 Fridericsss

324 5109 507 5233 psoribafflgs
520 5109 653 5181 scriptura
672 5118 699 5161 et
710 5108 788 5180 signa
802 5126 851 5162 suo
867 5106 1047 5163 confirmarit.
1085 5104 1147 5183 Vid.
1167 5104 1237 5161 slei-

343 5198 385 5234 an.
402 5197 427 5248 p.
507 5195 546 5246 aq.

288 5267 317 5334 ἓ)
335 5263 473 5333 Georgia,
495 5259 582 5332 Epire.
595 5258 713 5313 Merseb.

815 279 1242 363 EPISTOLARUM
1289 286 1396 361 [ΑΒ.
1419 287 1501 366 Xll.
1553 288 1686 368 test.

1280 456 1349 534 No.
1360 454 1474 533 6542.

1283 558 1482 589 Μ

1582 658 1660 745 Gr.
1691 658 1948 745 Praetorio.

1352 819 1451 876 Manlii
1465 820 1563 893 lsrrsg.
1582 839 1609 894 p.
1616 819 1667 875 δα)
1678 839 1718 893 sq.

1288 955 1510 1050 Venerando
1542 977 1638 1061 viro,
1672 973 1726 1054 D.
1761 970 1994 1071 Gregorio
2031 970 2271 1063 Praetori,

1281 1078 1427 1178 pastori
1440 1076 1630 1151 Ecclesiae
1644 1076 1724 1150 Dei
1736 1078 1776 1149 in
1790 1072 2041 1183 Gabersdorff,
2057 1080 2177 1154 amieo
2191 1105 2271 1168 sao,

1284 1214 1333 1305 S·
1357 1230 1403 1303 D.
1452 1231 1741 1303 Venersudevir.
1792 1226 1858 1300 Est
1873 1231 2018 1324 quidem
2033 1234 2137 1305 valde
2151 1258 2271 1326 repre·

1283 1328 1473 1402 hendendo
1486 1334 1609 1426 populi
1626 1333 1807 1424 impietas,
1833 1333 1895 1426 qui
1910 1333 2075 1404 fidelibus
2082 1332 2268 1427 Evangelii

1284 1434 1475 1517 ministris,
1499 1458 1545 1505 ne
1561 1435 1704 1528 quidem
1719 1434 1840 1505 debita
1852 1433 2030 1523 stipendis
2044 1436 2162 1510 solvit.
2195 1438 2269 1509 Sed

1284 1559 1358 1605 non
1374 1536 1493 1605 minus
1507 1535 1696 1605 accusandi
1712 1548 1797 1606 sunt
1811 1535 2051 1623 magistratus,
2074 1538 2138 1629 qui
2151 1562 2269 1631 popu-

1285 1637 1359 1706 lum
1383 1662 1457 1706 non
1482 1651 1629 1727 cogunt,
1650 1650 1690 1708 ut
1707 1636 1823 1706 solvat
1843 1637 2017 1707 debitum.
2066 1635 2124 1707 'l'u
2147 1652 2269 1710 mmen

1285 1739 1394 1829 petito
1410 1739 1580 1808 auxilium
1597 1763 1615 1807 a
1637 1739 1709 1809 tuis
1722 1736 1993 1826 magistratibus.
2044 1736 2268 1831 Circumspe-

1285 1853 1356 1908 ctes
1381 1841 1455 1929 ipse
1478 1841 1582 1908 etiam
1616 1840 1733 1909 locum
1756 1839 2052 1909 commodiorem:
2082 1864 2122 1909 ac
2147 1842 2176 1909 si
2201 1866 2266 1932 ego

1285 1954 1406 2009 nactus
1429 1942 1529 2010 fuero
1553 1940 1707 2033 aliquam
1730 1941 1947 2010 occasionem
1970 1954 2005 2011 te
2027 1941 2194 2028 iuvandi,
2222 1943 2270 2011 li-

1285 2044 1409 2110 bentcr
1430 2041 1496 2111 tibi
1519 2065 1622 2130 opem
1646 2042 1768 2114 feram.
1821 2039 2054 2111 laetissimum
2077 2044 2172 2112 enim
2189 2045 2270 2113 olli-

1284 2143 1377 2211 cium
1394 2156 1463 2228 est,
1489 2157 1522 2211 et
1544 2143 1695 2211 maxime
1712 2142 1963 2228 necessarium,
1989 2143 2066 2232 pios
2081 2142 2269 2235 Evangelii

1284 2243 1463 2311 ministros
1488 2244 1653 2333 diligere,
1687 2244 1808 2314 iuvare
1832 2255 1866 2313 et
1891 2244 2000 2313 tueri:
2026 2244 2115 2315 sicut
2135 2242 2269 2315 Paulus

1283 2345 1380 2413 iubet
1397 2346 1607 2415 excellenter
1626 2367 1684 2413 eos
1708 2344 1821 2435 diligi.
1872 2342 1970 2414 Bene
1994 2345 2091 2417 vale:
2117 2345 2184 2418 llic
2209 2347 2267 2418 ts.

1283 2443 1479 2536 Februarii.

1284 2666 1546 2681 m
1552 2668 2125 2683 *nmero-tn*-
2132 2668 2273 2683 m

1297 2805 1364 2879 No.
1379 2804 1490 2881 asts.

1287 2902 1499 2942 Μ

2105 2822 2166 2887 16.
2179 2816 2269 2881 Febr.

2092 2906 2262 2937 m

1506 2992 1634 3081 Hier.
1659 2990 2046 3107 Bausssgartnero.

1350 3148 1435 3205 Eiet.
1456 3148 1570 3206 lib.Vl.
1607 3151 1685 3206 Ass
1704 3170 1746 3205 s.
1770 3178 1806 3191 -
1844 3149 1896 3205 llic
1915 3169 1947 3203 ex
1965 3152 2135 3225 autographo
2154 3152 2183 3208 iss
2207 3155 2270 3211 cos.

1414 3220 1525 3277 onsc.l.
1562 3258 1570 3276 .
1617 3220 1643 3279 7.
1663 3249 1693 3261 -
1771 3219 1899 3273 itorlibri
1916 3219 1962 3275 Vl.
1978 3223 2143 3293 sutogrspbo
2161 3221 2268 3277 addidit

1383 3305 1485 3341 sanum
1503 3290 1535 3341 ts
1572 3307 1596 3353 .;
1612 3288 1661 3343 sed
1674 3287 1776 3360 scripta
1790 3300 1829 3342 est
1843 3306 1867 3342 s·
1884 3288 1958 3345 ¹654.

1282 3435 1568 3533 Hieronymo
1605 3430 1970 3531 Bomgartnero,
2008 3433 2181 3508 Senatori
2205 3437 2266 3506 in-

1546 3534 1666 3634 clytae
1692 3535 1794 3609 urbis
1819 3533 2018 3635 Noriberg.

1283 3679 1329 3768 S·
1356 3691 1399 3769 D.
1448 3689 1527 3762 Etsi
1550 3691 1741 3761 domestica
1764 3714 1867 3761 nosse
1892 3696 2023 3763 rectius
2042 3706 2113 3779 est,
2148 3706 2267 3765 tamen

1284 3820 1380 3866 nunc
1394 3796 1536 3888 quidem
1554 3787 1735 3863 Thracum
1759 3807 1792 3864 et
1809 3790 1988 3865 Paeonum
2012 3791 2176 3864 historias
2194 3821 2268 3866 me-

1285 3898 1354 3965 lius
1379 3897 1528 3976 scimus,
1553 3918 1659 3987 quam
1681 3894 1767 3986 quid
1793 3894 1830 3962 in
1853 3893 2047 3965 Germania
2070 3897 2139 3965 hat.
2192 3895 2268 3992 Ty.

1285 4021 1437 4066 rannum
1453 3994 1646 4064 Tuccicum
1659 3996 1761 4066 aiunt
1775 3993 2195 4087 promitterePannoniae
2212 3999 2270 4068 iu·

1285 4098 1406 4166 ducias
1427 4098 1465 4165 in
1486 4096 1703 4165 sexennium.
1753 4096 1941 4170 Retinetur
1961 4099 2155 4167 domestica
2177 4101 2269 4170 cala-

1286 4199 1416 4268 mitate.
1476 4194 1566 4266 Nam
1594 4196 1706 4265 filium
1737 4212 1824 4269 natu
1853 4194 2051 4267 Maximum
2084 4198 2271 4288 interfecit,

1285 4302 1372 4370 falso
1399 4312 1597 4368 accusatum
1617 4321 1637 4365 a
1661 4320 1791 4386 genero
1805 4294 1951 4369 homi'ue
1968 4295 2149 4371 Rutheno.
2199 4298 2271 4373 Hic

1289 4413 1468 4472 narratum
1487 4411 1539 4467 est
1558 4411 1640 4467 ante
1664 4424 1792 4488 paucos
1818 4402 1893 4471 dies
1913 4393 2177 4471 Mareisionem
2200 4398 2269 4472 ΑΙ-

1288 4501 1426 4573 bertam
1441 4502 1584 4570 rediisse
1602 4499 1640 4567 iu
1654 4500 1857 4575 Saxoniam.
1909 4500 1988 4572 Hoc
2000 4496 2150 4573 scienda
2158 4497 2270 4594 ἀρχι-

1287 4599 1509 4703 γραμματὲα
1521 4605 1590 4673 τοῦ
1604 4598 1955 4700 aeyaionvpypaioa
1969 4592 2273 4700 [cometarium

1289 4696 1651 4796 Meilebargensem]
1661 4726 1783 4774 reeens
1793 4708 1838 4774 ad
1854 4728 1938 4775 eum
1953 4705 2097 4775 missurn
2112 4727 2199 4780 esse.
2223 4705 2272 4778 Et

1289 4808 1395 4877 vicini
1410 4800 1590 4902 papyism
1607 4829 1682 4874 ston
1700 4808 1777 4877 lore
1792 4828 1911 4895 pacem
1930 4803 1996 4877 bac
2012 4818 2141 4877 aestate
2159 4808 2268 4877 ιιίιιιιι.

1290 4905 1367 4978 Oro
1396 4920 1515 4977 autem
1537 4906 1720 4977 vobiscum
1740 4908 1942 4979 fitiuottei
1972 4907 2166 4979 Dominum
2200 4930 2270 4977 uo-

1289 5025 1400 5081 strum
1424 5006 1541 5079 lesum·
1561 5002 1765 5093 Christum,
1789 5009 1995 5101 crucifixum
2018 5032 2085 5100 pro
2106 5006 2210 5078 nobis
2236 5024 2275 5081 et

1290 5112 1551 5194 resuscitatum,
1578 5114 1758 5181 custodem
1775 5106 1952 5179 Ecclesiae
1972 5133 2074 5191 suae,
2100 5123 2141 5180 ut
2161 5123 2197 5180 et
2210 5136 2275 5181 vos

1289 5227 1324 5282 et
1345 5236 1410 5281 nos
1434 5225 1591 5301 protegat
1615 5225 1649 5280 et
1670 5212 1778 5311 leniat
1801 5206 2121 5301 poermsEeclesiis
2145 5215 2276 5283 nostris

1289 5312 1488 5387 domesticis
1514 5310 1921 5402 ipsum-,iisc-o'cantibns,
1944 5324 1998 5393 ,et
2020 5310 2184 5404 publicae
2205 5310 2277 5387 Ec-

1290 5414 1423 5484 clesiae.
1926 5418 1931 5428 '
1991 5452 1996 5461 ·
