4776 6024
177 287 227 362 67
731 208 1170 352 nalstotanvlu
1221 274 1332 353 atu.
1353 270 1440 351 xtt.
1493 275 1625 354 tras.
2152 280 2207 357 68

179 456 292 527 tendit
322 450 545 523 divinitatem
575 448 614 519 in
636 444 798 535 Christo,
829 438 1057 545 τὸνλόγον,
1094 469 1167 517 esse
1220 446 1343 537 scripsi
1367 430 1448 543 εἷ’)
1473 447 1518 516 de
1539 445 1669 517 modis'
1691 445 1879 541 loquendi,
1910 472 1968 518 me
1988 452 2132 541 optare,
2167 467 2212 526 nt

179 561 290 647 ipsam
321 553 407 642 legis
429 551 605 625 notitiam.
664 549 782 621 Multa
804 562 888 619 sunt
909 560 1093 639 portenta,
1123 550 1167 616 de
1219 548 1300 616 illas
1322 561 1357 616 et
1377 560 1491 617 voset
1513 569 1580 617 nos
1600 572 1809 641 sequamur,
1844 563 1879 620 et
1901 565 2106 622 constanter
2122 553 2248 623 reti-J

179 654 409 748 quibusalias
425 653 562 745 prolixe
577 652 739 724 scribam.
781 641 1167 721 MissusestaLand-
1220 672 1365 716 neamus
1382 661 1533 718 veterem
1546 649 1716 743 loquendi
1728 651 1897 733 formam,
1921 654 2154 744 approbatam
2170 653 2212 725 in

176 751 310 849 gravio
325 755 368 824 ad
383 750 631 851 Sneppiumet
648 753 692 820 ad
710 774 777 824 me.
828 748 1035 833 Gloriatur,
1061 750 1165 819 seire
1219 750 1354 840 synodo
1372 742 1564 839 Ephesina,
1588 763 1623 819 et
1638 775 1657 819 a
1674 751 1787 820 doctis
1802 751 1981 842 deinceps.
2018 750 2212 842 Quaestio-

178 879 242 946 per
262 853 513 938 Germaniam,
537 848 827 942 triumphantem.
879 849 976 919 Haec
997 850 1086 919 scire
1102 874 1166 918 vos
1220 873 1299 918 nem
1318 873 1400 919 vero
1420 852 1465 919 de
1480 843 1695 936 mediatore,
1718 848 1866 920 iudicari
1886 874 1987 942 posse
2003 877 2045 924 ex
2060 854 2210 946 epistola

178 979 320 1025 necesse
346 968 410 1028 est.
460 953 556 1027 Scito
580 946 789 1022 Iohannem
820 951 1023 1020 ministrum
1048 974 1166 1020 meum
1219 951 1263 1017 ad
1290 947 1481 1023 Hebraeos.
1533 950 1587 1021 Ac
1610 974 1755 1040 prorsus
1775 953 1932 1032 affirmo,
1965 976 2023 1025 me
2043 954 2212 1028 invocare

178 1058 299 1125 virum
315 1055 575 1133 fidelissimum,
600 1067 636 1124 et
657 1048 761 1122 1)Εο
784 1075 904 1122 carum
922 1075 964 1120 ex
986 1046 1053 1120 bac
1069 1075 1167 1119 mor·
1220 1049 1332 1118 filium
1346 1050 1433 1136 Dei,
1457 1049 1574 1119 Deum
1589 1066 1625 1123 et
1640 1046 1835 1136 hominem,
1860 1066 1896 1122 et
1913 1047 2005 1123 harre
2020 1078 2210 1145 personam

181 1157 242 1227 tali
274 1156 345 1226 vita
371 1156 416 1226 ad
448 1153 632 1225 coelestem
655 1149 852 1223 Ecclesiam
872 1165 1055 1233 evocatum
1082 1174 1167 1224 esse.
1220 1173 1407 1239 agnoscere
1432 1152 1683 1232 mediatorem,
1717 1152 1809 1223 sicut
1838 1152 1973 1245 inquit:
2008 1153 2136 1227 Venite
2159 1159 2209 1228 ad

179 1253 259 1327 Etsi
283 1256 379 1325 enim
400 1254 469 1346 ipsi
491 1255 700 1344 gratulanda
725 1267 777 1324 est
798 1253 1003 1323 dulcissima
1017 1274 1168 1322 consue-
1219 1273 1275 1319 me
1292 1274 1415 1321 omnes
1429 1253 1491 1346 qui
1506 1253 1675 1324 laboratis
1691 1268 1726 1325 et
1739 1255 1875 1324 onerati
1891 1254 1992 1340 estis,
2016 1269 2052 1326 et
2066 1278 2130 1346 ego
2149 1282 2210 1328 ra·

180 1358 268 1427 tudo
283 1380 362 1426 cum
377 1356 452 1425 filio
467 1351 554 1439 Dei,
577 1377 658 1425 cum
678 1349 860 1446 prophetis
875 1366 910 1423 et
931 1366 1005 1424 toto
1028 1353 1168 1443 agmine
1219 1351 1333 1419 ficiam
1347 1374 1422 1422 vos.
1472 1353 1530 1423 De
1552 1347 1618 1423 hac
1632 1366 1705 1423 tota
1727 1378 1769 1424 re
1790 1354 1988 1444 longiorem
2007 1356 2074 1429 tibi
2094 1358 2221 1449 ωῳιί.Δ

181 1457 339 1541 coelesti,
377 1449 495 1526 tamen
522 1477 586 1543 ego
611 1454 801 1545 multiplici
828 1455 952 1524 dolore
977 1453 1168 1525 excrucior.
1218 1451 1394 1548 cationem
1428 1453 1577 1522 mittam.
1639 1451 1731 1524 lllud
1765 1468 1881 1524 autern
1914 1479 1988 1527 uon
2017 1457 2209 1531 dissimulo

180 1555 332 1627 Funeris
362 1557 559 1649 frequentia
585 1554 693 1624 totius
719 1555 871 1624 civitatis
896 1555 1027 1624 iudicia
1054 1557 1098 1623 de
1125 1578 1164 1622 eo
1220 1552 1439 1641 displicuisse
1475 1549 1586 1639 mihi,
1626 1556 1721 1646 quod
1756 1555 1795 1623 in
1830 1556 1923 1625 libro
1948 1551 2209 1656 Berlinensi³)

181 1659 347 1729 ostendit.
396 1656 588 1751 Lacrymae
604 1656 821 1746 impediunt,
844 1679 914 1748 quo
930 1656 1048 1724 minus
1066 1655 1167 1745 plura
1219 1652 1389 1741 scriptum
1409 1668 1498 1740 erat,
1521 1650 1704 1725 Christum
1719 1658 1915 1725 secundum
1932 1670 2117 1752 utramque
2137 1683 2208 1732 na·

179 1759 322 1832 addam.
364 1754 464 1826 Bene
475 1757 565 1841 vale,
590 1754 750 1826 Salutem
765 1753 810 1829 D.
826 1753 871 1828 D.
887 1748 1069 1839 Iohanni,
1096 1750 1168 1822 Ar·
1219 1766 1333 1821 turam
1355 1769 1535 1825 mortuum
1558 1779 1641 1828 esset
1690 1754 1772 1825 Non
1789 1756 1840 1826 sic
1859 1757 2022 1850 loquitur
2037 1771 2208 1841 vetustas,

181 1851 314 1942 noldo,
345 1850 515 1927 Andreae
544 1868 578 1926 et
600 1857 703 1925 vobis
724 1856 892 1926 omnibus
917 1871 1012 1948 opto.
1062 1851 1100 1924 T
1100 1853 1167 1923 ile-
1218 1849 1367 1923 Etiamsi
1390 1879 1471 1924 vera
1494 1870 1544 1925 est
1572 1856 1768 1947 propositio
1791 1857 1886 1929 iuxta
1910 1858 2206 1932 communicatio-

179 1950 386 2048 mnnnus')
401 1971 545 2028 vocatus
558 1969 609 2027 est
622 1958 668 2026 ad
682 1950 877 2027 Ecclesiam
892 1953 1167 2031 Goslariensem.
1220 1977 1300 2021 nem
1324 1955 1548 2026 idiomatum:
1574 1952 1671 2027 Deus
1694 1971 1746 2027 est
1768 1970 1940 2034 mortuus.
1990 1958 2063 2030 Nec
2085 1973 2205 2032 umen

635 2066 824 2166 Philippu,
839 2069 1064 2148 Melantho,
1219 2079 1343 2124 moveo
1369 2056 1479 2136 rixas,
1505 2057 1567 2126 sed
1594 2058 1790 2149 cogitabam
1813 2058 1901 2129 alios
1926 2074 2086 2132 moturos
2112 2085 2204 2133 esse:

1217 2179 1283 2224 nec
1313 2169 1348 2225 te
1379 2157 1618 2228 existimabam
1648 2155 1876 2230 architectum
1906 2159 1992 2231 libri
2017 2185 2110 2249 esse,
2140 2164 2203 2234 aad

663 2325 665 2329 y
1218 2256 1327 2324 alium
1344 2253 1395 2351 ⁴),
1420 2257 1482 2350 qui
1504 2280 1586 2328 suas
1606 2261 1775 2351 quasdam
1797 2259 1941 2331 delicias
1960 2262 2001 2330 in
2020 2264 2204 2357 loquendo

179 2406 234 2477 No
262 2406 365 2482 5367
1007 2423 1049 2484 12
1077 2412 1145 2476 Ar
1218 2370 1332 2441 amat,
1357 2381 1422 2426 nec
1438 2359 1706 2450 proprietatem,
1731 2383 1796 2430 nec
1812 2362 2034 2455 antiquitatis
2052 2386 2203 2457 consue-

167 2455 376 2533 μή]
987 2438 1156 2531 ...ὦ
1217 2458 1377 2525 tudinem
1401 2460 1553 2528 retinere
1573 2461 1709 2545 studet,
1738 2474 1780 2531 ut
1803 2458 1879 2552 ipse
1907 2461 2065 2535 iudicare
2090 2476 2202 2557 potes.

510 2584 562 2674 Α
602 2588 812 2676 Mamm
1217 2554 1328 2647 Spero
1353 2570 1385 2626 te
1410 2559 1498 2629 lecta
1520 2573 1641 2631 nostra
1665 2562 1911 2652 responsione,
1934 2588 2040 2657 quam
2062 2565 2204 2637 mittam

563 2649 573 2669 ’
814 2649 826 2673 ’
1217 2656 1350 2751 inclyto
1369 2655 1544 2744 Electori,
1569 2684 1644 2733 non
1662 2665 2204 2753 pugnaturumessenobiaeum.

291 2763 389 2821 Manlii
406 2762 504 2835 ἠως.
521 2764 590 2835 pat
602 2782 662 2836 sqq.
1216 2754 1264 2828 Et
1282 2772 1314 2826 te
1330 2775 1473 2851 propter
1489 2759 1623 2832 Filium
1636 2760 1704 2832 Dei
1718 2775 1753 2833 et
1763 2758 1940 2835 Ecclesiae
1960 2764 2106 2834 salutem
2123 2789 2203 2853 oro,

178 2914 244 2990 a
273 2914 415 2990 aar·
445 2914 701 2989 aarum
797 2913 969 2993 aa.
995 2913 1165 2989 aaa
1215 2866 2202 3041 u„aasznaun,statutum

1248 3074 1398 3147 agantur
1416 3060 1546 3152 passim
1560 3064 1683 3146 molti,
1708 3064 1771 3157 qni
1791 3076 1825 3135 et
1839 3065 1983 3137 dissidia
1999 3078 2115 3139 serere
2136 3092 2201 3139 co·

1214 3172 1366 3244 uantur,
1392 3174 1428 3231 et
1446 3162 1586 3255 piorum
1602 3164 1861 3236 invocationem
1884 3167 2043 3239 turbant:
2068 3181 2109 3249 ut
2127 3190 2200 3239 nn-

177 3254 225 3340 S.
249 3265 295 3340 D.
333 3262 409 3356 Ego
424 3289 521 3352 vero,
545 3266 738 3335 reverende
753 3264 859 3335 viret
873 3259 1076 3334 charissime
1090 3265 1162 3336 ira·
1213 3274 1325 3350 peret
1340 3255 1521 3333 Tamarus
1542 3264 1710 3335 fanaticas
1727 3266 1914 3358 opiniones
1933 3289 2096 3359 spargere
2116 3291 2199 3338 coe-

176 3382 242 3453 ter,
265 3369 320 3438 vel
333 3367 492 3461 quotidie
508 3381 622 3437 tecum
635 3366 792 3460 colloqui
805 3390 861 3435 me
876 3389 977 3458 posse
991 3379 1161 3457 optarem,
1213 3360 1276 3449 pit.
1326 3359 1506 3434 Aduersus
1527 3364 1615 3435 tales
1640 3379 1802 3437 tueamur
1824 3369 2110 3439 coniunctionem
2130 3392 2199 3441 no·

176 3494 251 3539 non
277 3471 321 3537 de
341 3469 465 3560 populi
489 3467 639 3552 fabulis,
664 3468 724 3537 aed
745 3467 791 3536 de
813 3468 918 3536 rebus
939 3467 1101 3536 maximis
1114 3468 1159 3536 ad
1210 3474 1330 3535 stram.
1381 3459 1453 3535 Res
1466 3487 1613 3556 magnae
1632 3480 1732 3552 aunt,
1755 3469 1801 3538 de
1814 3468 2037 3562 quibua-iam
2053 3469 2197 3541 disseri·

174 3570 356 3641 doctrinae
385 3567 654 3661 explicationem
682 3567 953 3658 pertinentibus.
1011 3566 1103 3637 Nam
1126 3582 1162 3640 et
1212 3585 1306 3632 mua:
1339 3563 1384 3632 de
1410 3562 1620 3637 Mediatoria
1640 3568 1879 3654 invocatione,
1903 3572 1948 3639 de
1969 3570 2197 3662 proprietati-

175 3671 285 3760 diligo
311 3685 364 3754 te,
395 3683 430 3739 et
455 3669 612 3741 studium
638 3669 769 3760 probo,
802 3683 836 3738 et
859 3681 943 3759 opto
973 3668 1067 3738 inter
1094 3691 1159 3738 nos
1211 3663 1275 3732 bus
1292 3668 1522 3755 personarunt
1539 3668 1752 3754 divinarum,
1777 3683 1812 3739 et
1827 3670 1871 3739 de
1884 3668 1966 3745 aliis
1982 3672 2195 3763 quibusdam

174 3772 525 3864 pium'consensum,
549 3770 650 3838 acin
669 3769 836 3840 omnibus
858 3763 914 3838 his
935 3764 1102 3838 Ecclesiis
1125 3783 1159 3840 et
1210 3765 1391 3834 doctrinae
1416 3767 1604 3853 membris,
1639 3770 1684 3838 de
1716 3769 1846 3862 quibus
1877 3771 2067 3842 certamina
2097 3786 2196 3844 mota

174 3868 376 3942 Academiis
407 3883 615 3965 perpetuum
647 3878 732 3943 esse.
783 3867 903 3957 Quare
928 3868 1062 3940 silentii
1087 3869 1159 3938 mei
1209 3876 1293 3933 sunt
1307 3866 1393 3936 etin
1410 3863 1550 3937 Gallico
1572 3868 1708 3954 littore,
1731 3884 1767 3940 et
1783 3869 1882 3943 alibi.
1931 3869 2138 3966 nequibas
2156 3887 2195 3946 et

175 3996 316 4042 causam
338 3996 414 4041 non
437 3986 539 4062 putes
559 3969 682 4040 iudicii
700 3969 757 4038 vel
777 3969 969 4039 voluntatis
988 3968 1158 4040 mutatio-
1207 3977 1323 4035 tecum
1340 3989 1457 4035 coram
1472 3969 1629 4062 colloqui
1647 3971 1791 4051 vellem,
1816 3985 1852 4042 et
1865 3970 2059 4064 aliquando
2080 3974 2195 4044 collo-

176 4096 275 4149 nem:
301 4073 362 4140 sed
378 4073 481 4142 exilia
499 4069 636 4143 etaliae
650 4092 839 4141 aerumnae
860 4092 961 4162 saepe
975 4065 1062 4139 haec
1078 4070 1157 4140 0111-
1209 4089 1307 4157 quar.
1358 4063 1455 4136 Bene
1484 4081 1520 4141 et
1548 4071 1696 4141 feliciter
1725 4072 1814 4148 vale.
1864 4071 1932 4143 Die
1960 4074 2019 4148 12.
2045 4069 2196 4167 Apsilia,

174 4172 228 4240 cia
245 4171 456 4261 impediunt.
507 4172 615 4260 Quod
630 4194 714 4241 vero
728 4167 854 4241 scribis
874 4182 943 4240 tea
959 4194 1016 4240 me
1037 4193 1157 4260 repre·
1208 4190 1303 4236 anno
1325 4165 1434 4242 1555.

174 4268 325 4342 hensum
341 4294 426 4356 esse,
451 4272 643 4364 etquidem
660 4275 698 4341 in
714 4270 853 4362 scriptis
869 4270 1010 4361 publice
1023 4295 1157 4362 propo·
2092 4338 2095 4343 ,

173 4373 266 4445 sitis:
295 4371 332 4440 id
354 4396 428 4442 non
451 4394 524 4442 esse
545 4374 695 4455 iactum,
721 4372 848 4463 scripta
863 4371 938 4463 ipsa
953 4374 1155 4454 ostendunt,
1222 4381 1225 4385 ’
1413 4386 2193 4440 ····-····““““·’··.“·-···········-··

174 4497 264 4566 quae
285 4472 351 4542 tibi
366 4474 487 4544 mitto:
515 4495 667 4566 quorum
690 4471 841 4542 alterum
863 4467 1082 4543 aStancaro
1099 4496 1171 4542 re·-

173 4568 386 4663 prebensum
420 4586 482 4647 est.
530 4570 620 4663 Legi
648 4586 682 4643 et
715 4572 974 4663 propositiones
1006 4587 1084 4645 tuas
1110 4575 1155 4643 de
1192 4543 1290 4616 'N⁰·
1305 4541 1419 4621 5³⁶⁸·
2031 4555 2191 4683 w·

173 4674 311 4744 duabus
326 4674 463 4745 naturis
483 4675 524 4743 in
538 4670 697 4755 Christo,
722 4674 816 4742 etde
831 4673 1040 4744 idiomatum
1057 4697 1154 4744 cum-
1293 4758 1297 4765 .
1677 4733 1688 4754 ,
1868 4731 1878 4753 ,

172 4776 425 4856 municatione,
446 4788 528 4846 ante
542 4798 675 4845 annum
690 4795 809 4841 mense
821 4770 921 4842 Maio
937 4772 1058 4859 editas,
1078 4797 1153 4842 eas-
1484 4732 1555 4818 M·
1584 4731 1915 4848 Mmmrffw·

172 4897 242 4966 que
258 4874 371 4964 palam
396 4877 470 4946 dixi
491 4900 548 4945 me
572 4870 778 4965 approbare.
828 4869 900 4942 Sed
922 4898 1003 4944 cum
1027 4876 1072 4942 ad
1093 4896 1152 4944 me
1303 4900 1692 4981 ss„„‚·1;„v‚„500„,‚

171 4975 323 5070 inclytus
337 4972 479 5048 Elector
498 4966 681 5048 Marchio
699 4971 974 5046 controversiam
992 4974 1153 5064 misisset,
1384 5024 1387 5029 -

171 3013 360 3118 sardiana
376 3016 405 3116 ¹)
430 3012 473 3088 dc
497 3012 606 3087 modo
629 3013 805 3115 loquendi
831 3015 1027 3090 secundum
1046 3019 1162 3090 ratio-
1216 3055 1247 3123 v

504 3141 584 3187 nem
600 3113 831 3204 idiomatum.

1202 5067 1427 5084 m

170 5136 392 5159 ...fl——

202 5241 233 5314 r)
252 5241 307 5301 nr,
325 5238 483 5296 uacuam,
1235 5192 1265 5257 ²)
1287 5190 1350 5247 vta.
1364 5209 1407 5264 ep.
1420 5196 1448 5249 a.
1461 5192 1488 5250 a
1499 5192 1525 5250 a.
1536 5190 1601 5249 occ
1615 5191 1694 5248 last.

202 5322 772 5407 ¹),M21113112M1180fflnomfnreticuitr
800 5324 847 5380 aed
868 5323 1032 5398 adscriptum
1051 5324 1150 5409 legiter
1236 5293 1271 5363 ὃ)
1286 5312 1301 5347 ⁸
1316 5291 1539 5409 Ιοὴζᾈὸήῦώχ
1574 5391 1581 5404 Ι
1716 5389 1723 5404 ·

234 5411 265 5449 nt
276 5394 392 5468 exempl.
406 5391 493 5450 Mani.
506 5390 677 5448 Barolmeusr
689 5412 772 5450 nanu
787 5392 891 5468 Georg.
906 5394 1107 5453 Bucbltoltacrs.
1236 5396 1265 5466 4)
1282 5393 1434 5463 laesam,
1450 5391 1594 5463 adempsit
1608 5393 1725 5463 margins
1738 5387 1841 5466 Geor-g.
1852 5390 2047 5454 Bremia«,
