4734 6016
173 247 247 324 επ
733 242 1172 322 orrsrontaou
1229 242 1337 324 nto.
1371 242 1454 323 au.
1509 245 1644 320 isso,
2132 253 2210 350 sas

172 420 380 493 offenderet.
429 418 582 491 Memini
596 415 785 489 Decretum
800 418 991 511 pictorem,
1028 418 1091 512 qui
1107 416 1164 518 di-
1269 417 1356 512 quid
1379 417 1424 489 sit
1448 410 1556 516 λόγος
1562 471 1575 505 ,
1602 442 1648 489 επ
1667 418 1713 489 εἰι
1734 414 1986 516 ὑφιστάμενον
2006 416 2209 516 ὁμοοιλσιον

173 525 294 606 cebat,
306 518 356 592 'se
372 523 628 595 adolescentem
647 522 684 589 in
706 521 884 612 pingendo
906 542 1039 590 amasse
1058 520 1173 589 miras

174 639 211 696 et
225 624 410 694 inusitatas
426 625 570 715 figuras,
598 647 692 693 stunc
706 645 824 690 senem
838 621 971 692 intueri
988 635 1166 706 naturam,

175 741 207 800 et
224 725 364 811 conari,
398 740 571 818 quantum
586 725 734 793 omnino
750 735 884 814 posset,
911 722 1071 813 proxime
1088 746 1165 792 eam

175 828 326 911 imitari3
361 828 422 897 sed
434 829 652 919 experiundo
666 849 703 894 se
721 822 929 914 cognoscere
951 848 1056 917 quam
1073 823 1167 893 diffi-

175 928 241 998 cile
262 928 402 998 sitnon
427 930 590 998 aberrare
612 952 632 998 a
649 940 785 999 natura.
838 923 898 995 Fit
919 920 986 995 hoc
1001 925 1108 995 etiam
1127 926 1166 994 in

175 1031 339 1103 dicendo.
390 1030 445 1101 Sit
466 1043 583 1100 autem
608 1043 643 1099 et
663 1028 791 1096 modus
804 1027 1017 1114 diligentiae.
1075 1024 1165 1096 Nam

176 1142 210 1200 et
230 1131 321 1200 illud
337 1143 438 1202 vetus
456 1132 635 1200 laudatur:
669 1125 712 1201 τὸ
736 1124 820 1199 λίαν
836 1122 987 1222 ἀκριβὲς
1003 1132 1167 1228 λογομα-

170 1227 257 1324 χίας
278 1226 400 1306 τίκτει.
453 1231 593 1322 Quaeso
618 1245 659 1301 ut
680 1229 850 1300 rescribas
871 1226 980 1315 mihi,
1015 1224 1072 1299 an'
1088 1254 1164 1298 mea

174 1335 419 1425 responsione,
458 1356 563 1426 qnam
585 1331 651 1402 tibi
681 1332 803 1416 mitto,
839 1344 920 1400 tuae
944 1331 1166 1424 quaestiones

159 1436 354 1539 thunque
377 1435 566 1526 explicatae
587 1434 784 1506 videantur.
843 1429 940 1501 Bene
963 1433 1040 1500 vale
1061 1445 1095 1503 et
1110 1456 1166 1501 re-

172 1537 296 1612 scribe.
346 1535 416 1608 Die
433 1531 494 1610 25.
511 1534 633 1628 Septb.

915 1648 1115 1745 Philippus.

274 1855 473 1953 Usitatae²)
496 1871 530 1927 et
551 1871 709 1947 receptae
730 1855 989 1947 propositiones
1003 1848 1070 1922 hae
1084 1830 1178 1920 sunt¹

223 1962 263 2031 in
279 1958 451 2032 Ecclesia:
490 1952 633 2056 ὁλόγος
656 1971 706 2027 εει
720 1953 836 2041 Deus,
869 1950 1015 2055 ὁλόγος
1029 1968 1080 2024 εει
1097 1949 1165 2022 lto-

222 2089 297 2149 mo;
335 2058 499 2133 Christus
532 2074 583 2131 est
614 2060 730 2144 Deus,
765 2054 929 2129 Christus
958 2070 1009 2126 est
1043 2049 1164 2122 homo.

220 2162 319 2235 Haec
333 2164 459 2233 reiecta
475 2176 543 2232 est:
570 2156 735 2232 Christus
750 2173 802 2229 est
818 2166 995 2240 creatura,
1021 2167 1166 2244 propter

221 2265 386 2346 insidias,
419 2263 502 2354 quia
524 2259 651 2331 Ariani
668 2262 718 2327 sic
734 2274 809 2329 eam
829 2256 1164 2348 interpretabantur,

221 2379 263 2435 ut
286 2363 463 2446 dicerent,
495 2357 564 2433 τὸν
582 2355 695 2459 λόγον
717 2359 820 2428 etiarn
836 2359 913 2429 sine
928 2354 1082 2427 humana
1099 2380 1163 2426 na-

221 2479 299 2534 tura
316 2487 389 2532 esse
407 2479 623 2546 creaturam,
648 2462 683 2530 id
700 2472 772 2544 est,
795 2484 858 2529 seu
873 2484 995 2530 vocem
1012 2471 1162 2529 creatam

222 2570 365 2636 missam
384 2567 427 2634 ad
445 2560 637 2634 Ecclesiam
648 2558 697 2658 ³),
731 2586 793 2631 seu
806 2584 992 2652 personam
1013 2573 1162 2629 creatam

221 2694 263 2737 ex
287 2662 402 2736 nihilo
432 2660 573 2735 missam
602 2666 646 2733 ad
671 2661 876 2733 Ecclesiam.
946 2661 1161 2753 Quanquam

222 2768 316 2837 enim
351 2765 478 2837 Amani
511 2767 703 2835 voluerunt
737 2764 850 2834 videri
893 2763 989 2832 aliud
1031 2760 1163 2831 sentire

221 2886 326 2964 quam
345 2869 611 2939 samosatenus:
642 2866 803 2935 existimo
822 2880 958 2945 tamen,
992 2887 1052 2933 eos
1066 2864 1160 2931 idem

221 2968 430 3064 voluisse⁴),
468 2971 528 3038 sed
559 2968 755 3060 praestigiis
777 2968 967 3036 verborum
992 2964 1162 3034 olludisse
1245 3022 1250 3031 .

219 3074 352 3166 populo
368 3071 552 3159 caliginem
567 3068 790 3160 generalibus
807 3067 932 3139 verbis.
983 3064 1162 3135 Posterio-

213 3199 277 3247 res
304 3176 491 3264 scriptores
521 3172 558 3240 in
590 3171 695 3241 tertio
727 3169 821 3238 libro
846 3167 1074 3265 Longobardi
1105 3167 1161 3234 di-

220 3277 408 3347 stinctione
425 3273 571 3362 septima
588 3273 802 3340 addiderunt
817 3283 976 3340 veterum
994 3268 1078 3339 rixis
1093 3292 1159 3335 no-

219 3404 278 3449 vas
291 3391 326 3447 et
337 3378 497 3469 spinosas
509 3373 762 3452 cavillationes,
785 3394 872 3463 quas
887 3392 1029 3459 prorsus
1042 3369 1160 3436 omitti

218 3490 362 3571 propter
377 3476 640 3564 ambiguitatem
662 3472 770 3540 satius
789 3483 895 3554 esset,
929 3495 1007 3540 cum
1026 3492 1080 3536 res
1101 3493 1159 3536 ex-

219 3578 305 3670 poni
321 3578 400 3645 aliis
415 3575 532 3644 verbis
549 3572 730 3664 perspicue
746 3571 867 3660 possit.
919 3567 1014 3638 llaec
1031 3591 1161 3657 propo-

219 3679 301 3750 sitio
324 3676 461 3746 abillis
483 3672 714 3764 scriptoribus
736 3672 864 3742 reiecta
882 3684 944 3742 est.
996 3665 1160 3740 Christus

216 3780 442 3872 inquantum
459 3769 587 3855 homo,
618 3787 776 3843 creatura
794 3784 863 3856 est;
896 3772 965 3839 alia
985 3794 1069 3839 vero
1086 3792 1158 3836 non

218 3880 371 3952 multum
387 3875 569 3948 dissimilis
577 3888 715 3966 recepta
729 3889 780 3946 est
786 3871 832 3966 ⁸l²
857 3867 1021 3942 Christus
1035 3895 1158 3940 secun·

137 4056 145 4085 s
217 3985 303 4054 dum
327 3976 520 4051 humanam
539 3990 702 4047 naturam
725 3967 921 4067 creatora⁶)
941 3989 1003 4043 est.
1060 3971 1159 4041 llaec

220 4083 354 4154 exilitas
368 4078 648 4171 disputationum
665 4079 832 4166 fugienda
850 4092 921 4157 est,
952 4073 1158 4167 praesertim

217 4210 297 4255 cum
315 4208 369 4252 res
386 4183 489 4251 aliter
497 4181 679 4272 perspicue
695 4181 765 4249 dici
779 4178 899 4271 possit.
949 4175 1068 4247 Multo
1080 4197 1158 4242 ma-

219 4286 312 4357 iores
331 4298 365 4354 et
378 4285 556 4373 graviores
579 4279 670 4352 aliae
693 4281 915 4375 quaestiones
934 4290 1018 4349 scint
1034 4278 1078 4346 de
1102 4298 1156 4343 rc:

170 4480 355 4497 *fi—v--uuu

199 4600 228 4664 λ)
248 4595 326 4651 trane
336 4595 468 4667 pagellam
481 4596 603 4650 Petelina
622 4598 650 4650 in
669 4596 737 4650 Mel.
756 4591 860 4650 consil.
884 4593 928 4645 tat.
950 4588 983 4644 Ρ.
999 4588 1032 4642 ll.
1056 4607 1081 4658 p.
1094 4589 1157 4641 22¹.

234 4663 335 4731 edidit,
358 4683 472 4733 samque
486 4665 640 4736 inscripsit:
666 4665 841 4737 „Responsio
860 4661 912 4719 Pa.
927 4658 967 4716 λλ.
983 4675 1062 4709 canno
1082 4659 1157 4710 1⁵55.

234 4736 274 4785 nd
294 4735 472 4800 quaestiones
497 4737 658 4800 propositos
679 4737 716 4784 ab
736 4738 849 4786 Αιιαιιιο
875 4729 1003 4788 Curuus,
1038 4725 1156 4778 Pastore

233 4803 372 4855 Ecotcss'oe
392 4800 641 4868 manotensis,
670 4806 705 4853 de
726 4799 931 4865 propositiones
961 4797 1088 4848 cattum
1112 4803 1156 4846 est

176 4924 177 4929 ,
233 4879 373 4931 memoro,
392 4881 418 4922 et
431 4888 509 4922 nova
519 4872 676 4925 «obedientia
685 4880 727 4923 cst
739 4870 850 4937 effectus
861 4867 919 4921 Det
930 4872 958 4914 tit
966 4864 1060 4915 nats:
1080 4863 1155 4915 Item

234 4939 453 5007 εῙῘιιιιιιγῖσιίΙἱ
466 4964 501 4977 ·-
535 4938 606 4992 Puto
619 4936 823 4991 Melanthonem
838 4932 961 5003 utrique,
978 4941 1005 4984 et
1017 4929 1156 4987 buchhol-

234 5026 297 5060 aeso
311 5017 339 5061 et
352 5006 445 5061 Cnseo
461 5005 575 5061 eandem
590 5006 721 5076 pagellam
736 5005 850 5058 misisse.

198 5110 226 5179 8)
247 5111 366 5166 naissum
382 5113 422 5162 ort
435 5108 554 5177 Εειλεε.)
569 5107 630 5162 Pes.
640 5096 700 5162 aba
714 5104 803 5160 babet.

198 5215 225 5274 4)
247 5212 317 5264 Coti.
333 5209 399 5266 Par.
411 5213 473 5262 ιἰλιο
487 5215 618 5263 volus'ssc.

199 5312 228 5379 5)
247 5312 335 5365 Verba
349 5312 474 5364 Christos
487 5314 516 5365 ιἰι
531 5319 739 5391 quantunque.
758 5309 820 5362 cod.
837 5306 899 5360 l‘sr.
913 5322 971 5360 oon
985 5303 1073 5360 babet.

198 5413 387 5487 ὁλκαίοιο]
407 5412 469 5493 cod.
487 5412 550 5467 l’sr.
564 5422 689 5465 creatus.
770 5446 773 5451 -

1176 5246 1184 5452 l

1266 523 1323 614 sq*
1338 515 1461 608 πατρί.
1514 517 1583 588 Hic
1601 521 1712 592 simus
1728 523 1932 612 vigilantes,
1967 539 2001 596 ct
2017 550 2134 594 voram
2152 527 2208 592 in-

1268 622 1488 691 vocationem
1526 622 1740 693 retineamus
1778 638 1898 694 contra
1932 623 2211 708 samosatenum,

1268 715 1417 807 Arium,
1462 718 1728 808 Mahometum,
1780 722 1965 796 Servatum
2007 740 2040 796 et
2080 727 2212 795 similes

1266 823 1558 914 praestigiatores.
1631 823 1788 912 Vagatur
1813 828 1849 894 in
1884 806 2032 896 Polnuia
2064 827 2210 921 quidam

1266 917 1508 1010 Lithuanus,
1533 925 1596 1018 qui
1612 924 1811 1011 Servetica‚
1841 929 1945 997 idest
1962 926 2211 1013 Mahometica,

1268 1022 1350 1123 περὶ
1376 1019 1489 1125 λόγου
1512 1028 1662 1119 spargit,
1698 1041 1732 1098 et
1753 1052 1833 1098 curn
1853 1029 1946 1098 liber
1959 1052 2105 1100 excusus
2121 1045 2211 1099 esset

1268 1122 1678 1198 CracoviaeRozoviltts
1693 1129 1870 1221 sapienter
1883 1126 2067 1225 prohibuit
2078 1132 2206 1201 editio-

1268 1253 1361 1297 nem.
1412 1229 1560 1301 Decrevi
1583 1245 1617 1302 et
1638 1225 1721 1328 περὶ
1750 1223 1864 1328 λόγου
1893 1245 1927 1301 ει
1948 1227 2030 1326 περὶ
2052 1229 2207 1323 μεσίτου

1268 1332 1372 1401 edere
1391 1332 1593 1402 testimonia
1617 1358 1659 1402 ex
1683 1332 1821 1423 scriptis
1842 1327 2057 1424 propheticis
2072 1347 2104 1402 et
2121 1359 2207 1426 app-

1267 1433 1400 1502 stolicis
1413 1434 1569 1503 collecta.

1328 1528 1382 1602 De
1397 1533 1505 1602 altera
1523 1533 1726 1626 quaestione
1741 1546 1834 1603 recte
1848 1535 1979 1603 elicitur
1993 1550 2028 1604 et
2040 1534 2117 1602 sine
2131 1557 2207 1601 am-

1266 1632 1454 1721 biguitate:
1484 1657 1577 1701 nova
1596 1634 1797 1702 obedientia
1816 1649 1867 1704 est
1886 1635 2029 1705 effectus
2044 1632 2111 1702 Dei
2123 1630 2152 1728 ⁷)
2169 1635 2207 1701 in

1265 1733 1387 1814 nobis,
1414 1734 1504 1804 sicut
1519 1735 1653 1804 dictum
1668 1731 1735 1805 est':
1757 1729 1777 1805 ὃ
1792 1728 1880 1814 θεός
1895 1731 2028 1807 ε’στινὸ
2044 1733 2207 1830 ἐνεργῶν

1267 1831 1308 1904 ἐν
1326 1829 1419 1925 ἡμῖν
1439 1829 1503 1904 καλ
1527 1829 1570 1904 τὸ
1590 1830 1714 1906 θέλειν
1734 1829 1797 1906 καὶ
1819 1830 1861 1905 τὸ
1882 1835 2055 1932 ἐνεργεῖν.
2116 1834 2204 1904 ltem

1265 1927 1394 2022 Ephes.
1407 1935 1459 2003 2:
1485 1929 1540 2013 οἷς
1553 1929 1826 2027 προητοίμασεν
1843 1931 1863 2004 ὁ
1879 1929 2056 2016 deiecto,
2084 1937 2120 2004 icl
2137 1951 2204 2004 est:

1267 2056 1356 2125 qnae
1371 2035 1605 2125 praeparavit.
1631 2032 1679 2104 Et
1692 2037 1842 2129 πρῶτον
1857 2037 1978 2109 αἴτιον
1993 2051 2044 2106 est
2060 2049 2131 2106 tota
2148 2038 2205 2105 di·

1267 2133 1409 2203 vinitas.
1461 2131 1545 2225 Agit
1558 2150 1674 2205 autem
1691 2151 1789 2226 pater
1802 2162 1866 2228 per
1880 2138 1995 2209 filium
2009 2139 2206 2218 docentem,

1267 2235 1328 2328 qui
1344 2234 1477 2328 inquit:
1509 2259 1572 2326 ego
1588 2260 1666 2305 sum
1681 2238 1783 2321 vitis,
1808 2263 1871 2307 vos
1891 2240 2068 2331 palmites;
2095 2252 2129 2308 et
2144 2263 2207 2328 per

1265 2335 1439 2426 Spiritum
1469 2352 1630 2408 sanctum
1651 2341 1898 2409 accendentem
1928 2342 2045 2410 corda.
2122 2338 2206 2408 ider)

1266 2438 1355 2509 dicit
1368 2435 1499 2508 Paulus
1513 2440 1649 2509 fructus
1667 2437 1832 2530 Spiritus.
1883 2438 2024 2511 Deinde
2040 2454 2133 2508 recte
2149 2441 2206 2509 cli·

1266 2539 1375 2610 citur:
1416 2564 1507 2609 nova
1532 2541 1733 2610 obedientia
1757 2555 1810 2611 est
1834 2541 1977 2612 effectos
2000 2541 2106 2625 lidei,
2140 2544 2208 2611 etsi

1266 2641 1377 2730 magis
1385 2641 1528 2733 proprie
1537 2640 1891 2713 dicitureffectusDei
1900 2642 2183 2712 comitanslidem
2196 2668 2206 2725 ;

1264 2743 1325 2812 sed
1335 2754 1452 2812 umen
1463 2756 1496 2812 et
1504 2740 1636 2812 Paulus
1646 2743 1731 2813 dicit
1744 2738 1866 2823 πίστις
1880 2739 2126 2841 ἐνεργουμένη
2140 2740 2206 2816 ιλιολ

1265 2836 1423 2942 ἀγάπης.
1475 2839 1557 2912 Atia
1572 2844 1685 2912 forma
1703 2846 1795 2935 parit
1812 2845 2079 2935 disputationes
2130 2841 2204 2912 No-

1264 2968 1308 3012 va
1332 2944 1534 3013 obedientia
1557 2958 1607 3013 est
1631 2944 1710 3013 finis
1731 2946 1825 3019 helei.
1882 2947 1939 3016 De
1962 2959 2203 3015 consummata

1263 3042 1464 3115 obedientia
1486 3069 1610 3113 verum
1634 3059 1703 3130 est,
1726 3047 1816 3117 sicut
1832 3046 1958 3117 Petrus
1973 3047 2108 3139 inquit:
2140 3070 2206 3116 κο-

1262 3140 1454 3240 μιζόμενοι
1467 3139 1510 3216 τὸ
1526 3143 1627 3227 τέλος
1642 3151 1706 3240 τῆς
1720 3141 1884 3228 πίστεως.
1933 3143 1982 3218 Ει
1996 3173 2119 3216 verum
2136 3163 2203 3217 est:

1263 3245 1349 3317 Ideo
1362 3246 1431 3314 lide
1451 3248 1642 3337 accipimus
1666 3248 2011 3333 reconciliationem,
2041 3263 2081 3317 ut
2101 3272 2203 3338 pror-

1263 3370 1323 3417 sus
1339 3347 1454 3416 deleto
1470 3362 1610 3438 peccato
1627 3363 1663 3419 ει
1677 3350 1788 3419 deleta
1805 3362 1918 3417 morte
1938 3348 2048 3418 simos
2062 3348 2145 3419 iusti
2163 3351 2201 3415 in

1260 3448 1333 3514 vita
1350 3463 1490 3516 aeterna
1505 3448 1638 3536 integra
1655 3448 1801 3518 iustitia.
1851 3445 1897 3518 Et
1915 3448 1965 3517 ibi
1983 3450 2126 3538 conguit
2143 3473 2201 3517 ar·

1260 3561 1485 3635 gumentnm:
1521 3546 1603 3618 finis
1618 3562 1680 3618 est
1702 3549 1829 3617 melior
1850 3573 1954 3642 qnam
1987 3573 2063 3634 res,
2109 3574 2201 3642 quac

1259 3649 1436 3718 antecedit
1460 3648 1586 3735 finem,
1620 3663 1661 3719 ut
1685 3643 1854 3719 habitatio
1877 3651 2004 3719 melior
2025 3664 2076 3721 est
2092 3676 2200 3743 quam

1260 3751 1408 3835 donnus,
1438 3773 1524 3821 usus
1542 3751 1668 3821 melior
1691 3764 1743 3823 est
1764 3775 1870 3844 quam
1891 3753 2037 3822 materia
2058 3776 2201 3844 praece-

1260 3850 1360 3924 dens.
1409 3849 1567 3923 Perfecta
1587 3853 1727 3923 novitas
1749 3875 1811 3921 seu
1826 3853 2066 3937 iustitiavitae
2087 3865 2200 3921 aeter-

1259 3974 1326 4020 nae
1341 3952 1520 4022 antecellit
1539 3954 1633 4029 fidei.
1682 3952 1753 4026 Sed
1768 3954 1812 4022 de
1831 3948 2059 4024 inchoatione
2076 3947 2197 4022 iubae

1260 4051 1331 4121 vita
1347 4076 1421 4121 non
1438 4055 1488 4123 sic
1503 4055 1701 4148 loquimur:
1728 4048 1898 4124 lnchoata
1915 4052 2113 4137 obedientia
2131 4078 2198 4123 an-

1260 4153 1391 4225 tecellit
1404 4154 1497 4226 fidei.
1527 4153 1676 4227 Possent
1688 4149 1773 4224 haec
1786 4155 1890 4224 etiam
1900 4156 2065 4227 subtilius
2074 4156 2198 4244 dispu-

1260 4257 1344 4339 tari,
1377 4258 1438 4325 sed
1463 4269 1643 4327 teneamus
1667 4257 1758 4327 illud
1782 4269 1896 4326 vetus:
1937 4252 2198 4347 ἀμαθέστερον

1256 4351 1568 4450 καλσαφέστερον.
1604 4356 1696 4431 Usus
1708 4374 1759 4430 est
1772 4358 1898 4427 melior
1913 4383 2018 4451 qnam
2036 4355 2196 4426 materia.

1258 4456 1329 4528 Sed
1345 4459 1388 4526 cle
1402 4456 1574 4529 efficiente
1588 4459 1637 4529 sic
1652 4459 1724 4529 dici
1738 4454 1848 4551 σουλ)
1864 4473 1995 4550 potest:
2021 4480 2104 4527 usus
2122 4481 2197 4525 non

1259 4570 1311 4628 est
1334 4558 1462 4628 melior
1482 4560 1653 4629 efficiente
1674 4583 1795 4643 causa,
1826 4572 1866 4630 ut
1881 4558 1977 4628 Dens
1995 4572 2048 4628 est
2069 4557 2198 4627 melior

1259 4660 1407 4733 mundo.
1466 4659 1572 4731 Mens
1602 4656 1828 4731 Archimedis
1855 4673 1907 4730 est
1931 4658 2060 4729 melior
2090 4682 2197 4750 quam

1259 4753 1422 4831 machina
1439 4762 1619 4834 fabricata.
1662 4760 1734 4834 Sed
1747 4762 1793 4855 ¹sit
1807 4760 1933 4830 modus
1947 4759 2195 4832 subtilitatum.

1256 4856 1307 4932 Et
1327 4861 1479 4933 libenter
1502 4865 1546 4937 de
1571 4863 1739 4934 omnibus
1773 4861 1903 4931 nostris
1931 4860 2197 4957 quaestionibus

1257 4963 1409 5034 aliorum
1424 4965 1566 5058 piorum
1583 4979 1619 5037 et
1631 4964 1853 5035 eruditorum
1870 4961 1999 5032 indicia
2013 4961 2133 5031 audio.

1790 5074 1980 5172 Philippos
2004 5078 2092 5149 Mel.

1208 5245 1427 5259 m

1240 5323 1269 5388 7)
1291 5325 1358 5394 Det]
1376 5325 1427 5409 cod
1445 5324 1530 5411 l‘aris.
1540 5328 1619 5401 fider.
2206 5386 2213 5402 ο

1241 5411 1270 5480 8)
1293 5410 1484 5479 steteram]
1500 5413 1564 5472 coel.
1581 5411 1672 5468 Paris:
1695 5414 1780 5470 olt'tcr
1792 5410 1859 5480 nat,
1875 5406 2066 5484 praetermisso
2076 5426 2143 5468 Μ.
