4776 6024
111 288 190 367 606

129 463 197 538 No.
216 461 331 546 5809.

118 560 334 600 Μ

946 495 1005 558 24.
1022 489 1091 557 lun.

927 579 1097 611 M

454 656 504 744 V.
533 658 772 774 Strtgets‘o.

177 826 264 900 Epist.
277 826 324 885 lib.
341 828 388 883 lll.
405 829 500 900 peso.
515 831 569 900 (sd.
584 831 671 895 bend.
689 837 734 895 lib.
745 838 791 896 lll.
809 859 853 912 sp.
872 844 949 916 165).

209 981 263 1063 D.
293 982 544 1061 Victorino
569 988 814 1090 Strs‘gels‘o
840 997 988 1098 (lenae)

694 305 1123 392 EPISTOLARUM
1174 321 1388 404 ulnxlt.
1443 329 1572 411 1555.

2074 340 2150 439 sos

1131 493 1326 586 {cogitatm
1373 495 1487 570 Filius
1518 500 1585 572 Dei
1619 520 1794 598 assumpta
1831 522 1953 579 natura
1990 505 2144 581 humana

1157 617 1271 663 meam
1292 620 1440 668 massam
1465 601 1571 671 etiam
1593 619 1713 693 gestat.
1764 603 1810 679 Et
1831 632 1905 679 sese
1926 626 2019 680 certo
2038 614 2144 682 nobis

1156 697 1393 769 communicat
1425 723 1487 772 sua
1522 706 1770 793 promissione,
1810 735 1915 802 qnam
1945 713 2041 797 vult,
2076 734 2142 783 nos

1155 809 1249 865 certo
1272 798 1429 888 accipere
1449 800 1534 873 Sola
1551 802 1650 879 Fide.
1702 806 1779 901 lpse
1803 825 1855 881 est
1876 804 1984 909 λόγος
2005 813 2140 884 aeterni

1154 893 1281 984 Patris,
1304 914 1338 970 et
1351 903 1447 974 adest
1462 905 1569 974 verbo
1585 909 1710 994 vocali,
1737 923 1770 980 et
1784 933 1858 981 sese
1873 925 1967 984 certo
1985 938 2046 1005 per
2061 940 2140 984 ver·
2223 974 2229 986 .

1152 996 1238 1066 bum
1257 1002 1375 1071 vocale
1392 1006 1617 1079 credentibus
1631 1013 1885 1098 communicat,
1909 1027 1944 1087 et
1964 1015 2003 1084 in
2021 1017 2070 1084 eis
2087 1031 2142 1089 est

106 1118 159 1207 s,
183 1134 229 1207 D⁰
266 1133 692 1224 Doctissimthctorine‚
717 1142 809 1216 Cum
825 1144 1100 1222 hicadolescem
1151 1099 1271 1171 efficax
1288 1116 1322 1172 et
1344 1104 1496 1177 vivificat
1515 1131 1574 1177 eos
1590 1102 1808 1184 suo‘Sancto
1831 1112 1980 1206 Spiritu.
2029 1115 2138 1189 Hunc

106 1230 392 1307 Amssadtmsts
413 1235 598 1313 chricus
614 1231 852 1346 Cronchsetd
864 1243 920 1344 ⁸),
947 1252 984 1320 in
1004 1252 1099 1324 Aca-

106 1337 261 1407 demiam
289 1352 440 1410 vestram
465 1345 687 1432 prolecturus
710 1365 815 1435 esset,
849 1354 974 1443 petivit
996 1378 1015 1422 a
1040 1380 1097 1425 me

106 1438 349 1511 testimouium
372 1443 417 1510 de
438 1443 512 1513 suis
536 1449 714 1530 moribus,
749 1465 783 1522 et
800 1453 867 1523 tibi
882 1455 1094 1527 nominatim

107 1542 347 1611 commendari
360 1543 484 1614 voluit.
510 1544 611 1616 Hanc
628 1549 941 1643 igiturEpistolam
956 1557 989 1625 ei
1001 1557 1095 1644 dedi,

104 1654 210 1734 teque
227 1665 290 1713 oro
306 1655 347 1713 ut
366 1667 446 1714 eum
463 1649 714 1740 complectaris.
764 1653 897 1725 Natura
920 1657 1015 1726 bona
1032 1670 1093 1744 est,

104 1744 196 1813 etad
213 1742 414 1813 facundiam
430 1743 575 1818 idonea:
604 1763 638 1819 et
659 1778 774 1825 mores
798 1772 881 1828 sunt
902 1750 1044 1828 honesti
1058 1773 1093 1830 et

102 1842 247 1934 placidi.
296 1840 377 1915 Etsi
389 1860 505 1918 autem
521 1863 556 1920 et
565 1846 725 1945 Sttgetti
736 1880 775 1926 ac
798 1860 850 1927 tui
873 1882 992 1928 amore
1014 1884 1091 1928 ma-

103 1944 171 2015 luit
185 1944 223 2014 in
237 1957 351 2017 vestra
359 1941 549 2020 Academia
566 1975 653 2024 esse:
671 1968 787 2026 tamen
804 1960 970 2030 valetudo
985 1961 1090 2030 etiam

102 2046 215 2136 coligit
245 2070 325 2115 eum
349 2072 517 2143 quaerere
547 2052 624 2125 loca
650 2057 860 2135 salubriora.
919 2043 1089 2132 Nostrum

102 2148 272 2239 oppidum
286 2149 391 2239 plane
406 2165 476 2238 est,
502 2166 541 2223 ut
557 2158 600 2223 de
621 2152 735 2227 Ascra
754 2161 871 2252 inquit
885 2157 1088 2231 Hesiodus:

96 2249 210 2340 χεῖμα
224 2245 337 2343 κακὴ,
364 2248 466 2347 θέρει
482 2250 661 2353 ἀργαλέη,
688 2256 753 2330 καὶ
775 2258 940 2333 οὐδέποτ’
957 2254 1085 2356 ἐσθλή.

98 2345 177 2440 Ego
193 2349 232 2417 in
248 2344 315 2421 boc
325 2366 422 2422 aestu
433 2356 586 2425 duorum
602 2362 776 2430 mensium
791 2386 878 2453 pene
892 2363 1087 2452 extinguor,

99 2473 166 2519 nec
181 2450 279 2520 cibos
295 2446 423 2540 habeo,
448 2479 513 2526 nec
534 2472 656 2549 potum
672 2477 820 2533 naturae
842 2489 941 2534 meae
957 2488 1087 2534 couve-

100 2551 268 2620 nientem.
317 2550 428 2646 Spero
441 2573 560 2631 autem
572 2561 673 2631 brevi
690 2588 746 2631 me
761 2589 801 2634 ex
819 2561 887 2635 hoc
899 2565 993 2636 tristi
1010 2589 1087 2634 car·

98 2676 175 2722 cere
190 2652 228 2720 in
248 2655 431 2727 coelestem
446 2657 601 2729 Patriam
619 2675 655 2732 et
669 2658 896 2735 Academiam
912 2668 1085 2737 discessu·

96 2776 176 2822 rum
204 2777 288 2828 esse.
347 2755 424 2829 Hac
442 2782 502 2850 spe
526 2761 658 2832 interea
682 2766 819 2836 facilius
840 2761 904 2837 has
926 2767 1086 2838 miserias

96 2853 182 2924 lero.
234 2854 349 2927 Mitto
371 2860 437 2930 tibi
467 2876 500 2932 et
522 2858 686 2934 Nicoloo
707 2868 847 2940 libellos
875 2863 935 2941 hic
963 2893 1085 2940 recens

96 2956 227 3042 editos,
261 2959 343 3051 quia
369 2962 456 3031 alias
478 2966 622 3055 paginas
645 2993 719 3037 non
742 2965 916 3040 habebam
940 2971 984 3040 ad
1007 2994 1083 3040 ma·

95 3079 193 3128 num.
254 3056 410 3132 Domino
434 3059 593 3159 Sn'gelio
615 3067 743 3140 Poetae
765 3073 900 3164 optimo
925 3086 959 3142 et
982 3073 1083 3142 vobis

94 3159 259 3229 omnibus
282 3163 429 3234 salntem
452 3156 557 3257 οριο.1
597 3167 694 3242 Bene
712 3174 799 3249 vale.
850 3173 917 3246 Die
933 3165 1082 3243 Iolcon·

96 3258 156 3329 nis
170 3255 369 3360 Baptistae
383 3269 538 3339 doctoris
554 3274 680 3349 nostri.

893 3688 895 3693 .
922 3636 979 3711 24.
993 3629 1062 3695 lun.

902 3721 1073 3753 m

89 3618 158 3691 No.
172 3618 285 3692 5810.

95 3713 269 3742 Μ

376 3804 443 3892 Μ.
460 3804 800 3917 Meicnbnrgto.

88 4032 92 4037 η
192 3960 280 4032 Epist·
298 3960 346 4017 lib.
361 3963 396 4016 V.
416 3983 442 4036 p.
457 3965 555 4036 sltsq.

113 4110 353 4188 Michoe'li
377 4092 728 4214 Meienbnrgs'o,
760 4111 1053 4194 ConsotiNort·

541 4214 626 4296 Isos.

85 4348 135 4438 S.
153 4366 197 4442 D.
248 4367 505 4441 Honestissime
539 4372 612 4455 vir,
648 4385 683 4443 et
713 4372 825 4442 amice
859 4365 1074 4446 charissime.

83 4465 231 4540 Summa
255 4473 448 4542 consolatio
463 4473 502 4541 in
518 4473 589 4542 vita
607 4487 640 4542 et
658 4474 696 4542 in
718 4474 885 4543 omnibus
907 4472 1074 4563 periculis

82 4562 171 4638 haec
195 4583 262 4653 est,
286 4575 382 4663 quod
408 4575 554 4658 scimus,
578 4587 675 4644 certo
694 4573 829 4646 Filium
845 4570 914 4644 Dei
937 4596 1073 4644 assum-

84 4671 193 4761 psisse
209 4667 401 4742 humanam
418 4690 583 4745 naturam
599 4671 691 4746 banc
716 4676 828 4768 ipsam
851 4676 898 4745 ob
921 4699 1073 4763 causam,

83 4785 123 4841 ut
138 4794 203 4840 nos
221 4787 388 4865 tanquam
403 4778 563 4845 surculos
578 4776 646 4845 sibi
667 4777 818 4847 insertos
838 4791 948 4865 gestet
965 4791 1001 4849 et
1015 4778 1072 4847 vi-

84 4873 209 4946 vificet.
261 4871 308 4945 Et
329 4877 519 4947 inserimur
542 4880 573 4947 ei
595 4891 708 4962 certo,
741 4892 882 4950 tantum
904 4878 973 4949 fide
993 4903 1070 4949 cre·

84 4973 205 5044 dentes
221 4977 296 5047 eius
315 4979 553 5068 promissioni.
605 4979 717 5071 Saepe
733 4979 843 5069 igitur
856 4974 942 5050 baec
958 4979 1069 5072 ipsius

83 5076 188 5147 verba
203 5081 359 5170 repetite.
406 5081 533 5150 Venite
549 5082 593 5150 ad
611 5105 667 5149 me
682 5102 823 5162 omnes,
849 5082 912 5174 qui
927 5082 1069 5152 labora-

80 5174 129 5245 tis
142 5188 175 5247 et
188 5184 324 5252 onerati
341 5184 444 5268 estis,
475 5197 510 5253 et
525 5178 615 5276 Ego
628 5182 781 5252 reficiam
794 5205 870 5256 vos.
921 5178 1069 5272 Semper

74 5347 283 5364 m

104 5451 138 5523 t)
160 5450 220 5511 vtt.
238 5455 272 5510 ds
289 5473 324 5510 so
341 5456 423 5530 epist.
439 5457 473 5514 sd
491 5454 640 5516 Mordisin.
660 5455 690 5517 d.
707 5457 752 5514 55.
770 5455 847 5532 Sspt.
864 5455 943 5519 1555.

1150 1222 1272 1271 verum
1295 1202 1514 1278 Salvatorem
1540 1207 1655 1284 lesum
1677 1207 1879 1302 Christum,
1904 1214 2036 1288 Filium
2057 1214 2139 1304 Dei,

1148 1323 1232 1386 oro,
1256 1316 1298 1402 ut
1320 1309 1420 1376 vobis
1443 1312 1601 1401 corporis
1623 1327 1658 1385 et
1679 1314 1819 1386 animae
1835 1317 1926 1388 vires
1942 1332 2068 1408 augeat
2085 1311 2136 1410 ').

1146 1397 1257 1474 llatae
1272 1405 1330 1475 die
1345 1404 1515 1480 lobannis
1532 1409 1722 1504 Baptistae.

1883 1542 2085 1642 Philippus

1143 1916 1208 1988 No.
1224 1915 1339 1999 5811.

1151 2016 1318 2043 m

2005 1943 2038 2006 6.
2058 1931 2119 2002 Iul.

2000 2023 2128 2052 m

1463 2108 1519 2195 P.
1552 2111 1800 2198 Vincentio.

1206 2279 1230 2352 †
1247 2279 1285 2334 Er
1297 2298 1393 2354 spossr.
1408 2281 1438 2338 in
1450 2285 1513 2342 sod.
1525 2284 1611 2343 Paris.
1632 2284 1671 2343 D·
1682 2283 1715 2344 1.
1726 2284 1788 2342 54⁸.

1137 2440 1278 2521 Petro
1305 2447 1579 2538 Vincentio,
1602 2450 1831 2549 gubernanti
1849 2444 1976 2524 studio
1997 2424 2130 2525 litera-¹

1226 2564 1238 2581 ‘'
1314 2586 1323 2597 ·«
1422 2577 1503 2625 rom
1520 2555 1560 2625 in
1579 2553 1666 2633 urbe
1681 2548 1845 2629 Lobana.

1136 2702 1186 2792 S·
1214 2718 1257 2790 Ι).
1294 2718 1498 2791 Clarissime
1515 2721 1570 2790 vir
1585 2734 1618 2791 et
1633 2721 1751 2795 ceriss.
1768 2721 1887 2794 trater.
1922 2717 2124 2791 Multorum

1135 2821 1246 2890 literis
1265 2822 1460 2893 celebratus
1481 2836 1532 2893 est
1556 2824 1636 2892 lons
1663 2824 1765 2906 solis,
1788 2822 1884 2892 unde
1898 2817 2037 2916 Cyrene
2056 2845 2125 2891 no-

1135 2946 1219 2991 men
1239 2917 1357 2995 habet.
1408 2922 1500 2996 Nam
1520 2948 1560 2993 ea
1582 2948 1652 2994 vox
1673 2922 1931 3015 simplicissime
1952 2921 2124 3013 significat

1135 3025 1259 3093 urbem
1275 3024 1395 3100 fontis.
1429 3024 1498 3097 Sed
1517 3048 1580 3115 ego
1596 3040 1691 3094 tuam
1708 3023 1968 3094 enarrationem
1981 3024 2123 3114 plenam

1135 3124 1347 3196 eruditionis
1362 3129 1406 3196 de
1419 3128 1517 3197 fonte
1534 3126 1708 3198 Saronico
1734 3126 1804 3216 legi
1821 3125 2011 3206 libentius,
2037 3124 2124 3195 tibi-

1133 3251 1202 3321 que
1223 3229 1370 3318 gratiam
1395 3223 1527 3312 habeo,
1564 3229 1659 3323 quod
1683 3229 1788 3297 nobis
1817 3227 1917 3296 illam
1949 3226 2122 3317 pagellam

1133 3329 1278 3414 misisti,
1304 3353 1410 3422 quam
1425 3345 1460 3400 et
1475 3320 1695 3399 Camerario
1712 3351 1827 3417 nuper
1843 3326 1999 3417 promisi.
2049 3323 2121 3396 Sed

1133 3424 1218 3497 haec
1253 3423 1498 3518 philosophica
1525 3454 1642 3499 coram
1675 3428 1953 3518 disputabimus,
1986 3440 2021 3498 et
2050 3424 2121 3495 alis

1131 3528 1243 3616 magis
1257 3521 1441 3626 ἀξιόλογα.
1475 3525 1565 3598 Nam
1581 3529 1629 3612 si,
1654 3542 1783 3598 utnon
1802 3529 1918 3598 solum
1935 3526 2121 3617 Principes

1132 3628 1237 3697 multi
1259 3641 1443 3716 expetunt,
1472 3627 1660 3698 sedetiam
1683 3627 1758 3719 ipsa
1773 3625 1931 3698 Ecclesia
1953 3628 2120 3718 postulat,

1132 3728 1336 3798 instituetur
1361 3729 1565 3799 docentium
1594 3730 1633 3798 in
1656 3729 1786 3799 nostris
1809 3725 1977 3799 Ecclesiis
2005 3727 2116 3797 collo·
2149 3734 2155 3743 “

1132 3829 1274 3923 quium,
1306 3842 1340 3899 te
1361 3831 1652 3901 omnino'adesse
1676 3831 1840 3922 optarim.
1891 3828 2054 3899 Profecto
2073 3829 2119 3897 de

1130 3930 1345 4022 gravissimis
1366 3933 1771 4003 materiis-sciscitandae
1794 3943 1900 4001 erunt
1919 3931 2061 4022 piorum
2082 3942 2115 3999 et

1129 4036 1315 4103 doctorum
1336 4033 1541 4109 sententiae.
1591 4031 1756 4104 Aetnam
1774 4056 1894 4102 vocem
1911 4032 1950 4100 in
1966 4054 2009 4101 eo
2029 4053 2116 4125 con-

1128 4158 1248 4226 gressu
1264 4131 1442 4206 Ecclesiae
1457 4137 1678 4228 profuturam
1695 4157 1767 4204 esse
1782 4157 1897 4225 spero.
1922 4196 1925 4201 ,
1948 4129 2002 4202 lbi
2019 4131 2116 4200 enirn

1128 4260 1203 4306 non
1219 4236 1430 4308 iudicandae
1447 4250 1552 4308 erunt
1567 4260 1623 4306 res
1642 4238 1788 4307 πολλῶν
1802 4227 1941 4329 ψόφῳ,
1964 4233 2024 4303 sed
2040 4225 2115 4326 ψή-

1128 4363 1213 4432 φοις
1225 4342 1303 4410 τῶν
1317 4335 1483 4433 εὐσεβῶν
1497 4335 1560 4410 καὶ
1575 4340 1753 4411 συνετῶν.
1805 4336 1917 4427 Spero
1941 4334 1993 4405 tui
2009 4355 2113 4403 usum

1126 4439 1166 4508 in
1190 4434 1246 4509 bis
1269 4439 1473 4529 regionibus
1493 4442 1585 4525 fore,
1613 4440 1643 4508 si
1668 4439 1850 4508 nobiseum
1866 4437 1984 4506 vivere
2004 4434 2114 4507 voles.

1124 4538 1228 4612 Certe
1251 4543 1542 4613 cousuetudinem
1573 4553 1731 4612 nostram
1753 4540 1895 4633 utrique
1922 4537 2113 4607 iucundam

1122 4641 1200 4715 fore
1213 4641 1382 4718 arbitror.
1432 4641 1530 4716 Bene
1544 4656 1580 4714 et
1593 4641 1848 4731 felicitsrnale.
1888 4637 1956 4709 Die
1973 4636 2008 4711 6.
2018 4634 2113 4708 lulli.

1859 4768 2061 4863 Philippus.
2180 4797 2184 4805 ·

1222 4938 1362 5014 Boscro
1377 4940 1431 5044 (t)
1450 4920 1598 5016 salutem
1622 4957 1726 5032 opto,
1752 4941 1837 5011 etei
1861 4963 1925 5032 pro
1950 4941 2111 5030 poimate
2224 4980 2230 4991 ·

1222 5048 1355 5116 donato
1369 5047 1499 5136 gratias
1513 5069 1591 5136 ago.
1628 5042 1733 5114 Nunc
1749 5043 1851 5133 plura
1866 5041 2019 5112 scribere
2034 5062 2108 5107 uon

1223 5145 1337 5236 potui.

1120 5334 1352 5348 w·

1152 5448 1738 5544 mmmmm-sumn
1757 5446 2110 5524 sumpseras...
