4776 6024
172 287 275 366 stt
750 278 1191 358 EPISTOLARUM
1243 277 1355 354 LlB.
1379 276 1464 355 llll.
1518 275 1650 356 1654.
2144 288 2218 362 sta

178 460 304 545 nobis,
337 470 372 528 et
389 457 651 543 resuscitatum,
684 459 865 528 custodem
880 453 1059 526 Ecclesiae
1078 478 1171 551 suae,
1224 476 1299 541 non
1318 452 1545 538 necessarias,
1576 476 1681 547 quam
1705 479 1785 525 cum
1807 456 1931 526 scribit
1945 452 2216 554 Bellerophon-

179 580 220 636 ut
242 577 277 634 et
297 558 361 634 lias
383 560 547 649 regiones
568 574 601 628 et
624 584 744 630 earum
764 561 940 651 principes
955 574 990 630 et
1006 572 1172 641 caeteros,
1222 563 1291 624 tem
1306 568 1386 646 post
1400 555 1528 624 multas
1542 554 1706 625 victorias
1721 556 1853 646 Pegaso
1867 559 2021 629 voluisse
2037 561 2140 630 etiam
2157 564 2214 630 in-

176 668 239 762 qui
253 664 409 760 publicis
423 662 580 732 consiliis
598 663 793 746 intersunt,
819 674 979 751 protegat
993 674 1026 732 et
1042 663 1172 750 guber·
1221 670 1274 727 tra
1292 657 1429 726 coelum
1447 658 1490 726 ad
1509 655 1629 727 lovem
1642 654 1735 742 vehi,
1762 661 1821 728 sed
1838 683 2018 731 excussum
2035 676 2068 733 et
2083 663 2120 730 in
2138 666 2212 734 solo

177 783 250 841 net.
298 765 448 839 Calend.
477 762 656 855 Septemb.
674 790 758 838 ann.
778 760 889 838 1554.
1221 759 1392 829 afflictum
1409 759 1554 848 fregisse
1570 761 1718 851 pedem?
1754 760 1871 850 Quam
1888 764 2057 834 terribilis
2074 765 2211 854 pictura

1221 873 1273 930 est
1289 856 1461 945 Iasionis,
1496 885 1601 953 quem
1626 863 1675 932 ait
1698 864 1869 933 iacentem
1893 866 1931 932 in
1952 878 2028 934 rota
2044 867 2210 936 clamare:

1221 963 1344 1034 discite
1369 963 1539 1032 iustitiam
1566 965 1713 1047 moniti,
1745 978 1780 1035 et
1806 989 1880 1034 non
1906 981 2063 1038 temnere
2089 968 2212 1040 divos?

1019 1117 1050 1174 1·
1065 1105 1147 1189 Sept.
1220 1058 1430 1133 Tantalum
1447 1065 1494 1135 ait
1510 1066 1590 1136 ideo
1606 1069 1650 1135 ad
1667 1066 1797 1137 inferos
1811 1068 1986 1138 abiectum
2003 1093 2087 1157 esse,
2114 1075 2210 1165 quod

998 1196 1168 1226 υνν
1221 1181 1343 1238 nectar
1365 1191 1406 1235 eii
1432 1167 1595 1237 convivio
1621 1171 1768 1238 deorum
1790 1172 2034 1253 furatuserat.
2092 1171 2210 1261 Quam

1221 1281 1300 1360 apte
1335 1263 1403 1338 hoc
1437 1271 1600 1358 congruit
1634 1272 1678 1339 ad
1718 1274 1935 1362 corruptelas
1976 1274 2213 1363 religionum?

460 1304 655 1394 Senatui
685 1306 888 1391 nalem·
1221 1369 1349 1439 Narrat
1363 1363 1512 1439 Peleum
1536 1367 1580 1439 ali
1597 1367 1723 1442 Acaste
1744 1368 2063 1464 bospitis'coniuge
2079 1376 2211 1448 invita-

253 1469 371 1544 Epiutols
391 1467 607 1551 nuncupatoria,
627 1468 782 1549 'praemissa
800 1467 887 1550 libror
918 1468 1081 1552 Psrlteriuni
1100 1469 1171 1521 Pro·
1221 1486 1296 1541 tum
1322 1473 1367 1540 ad
1392 1472 1623 1556 adulterium,
1661 1489 1881 1544 recusantem
1907 1499 1992 1544 vero
2020 1501 2038 1544 a
2064 1478 2212 1548 muliere

287 1538 380 1611 phetae
397 1548 424 1591 et
436 1538 517 1605 Regis
530 1536 666 1605 Davidis‚
686 1539 805 1590 versibus
819 1538 944 1606 elegiacis
964 1543 1089 1609 (graecis)
1107 1537 1172 1589 red.

286 1607 374 1661 dim„
393 1627 408 1662 ,
429 1605 647 1661 p„101),1„,·,
665 1605 799 1660 pgvfflg
835 1607 953 1661 impe„
972 1628 1020 1680 p„
1038 1608 1077 1660 1„
1091 1607 1173 1730 Oto,
1221 1574 1309 1641 falso
1334 1586 1535 1642 accusatum
1560 1595 1653 1659 esse,
1688 1586 1721 1642 et
1743 1587 1928 1666 propterea
1944 1575 2131 1648 Centauris
2146 1580 2213 1649 oli·

285 1677 393 1759 riuum,
424 1693 488 1756 rup-
507 1676 547 1730 M.
559 1675 598 1729 D·
613 1675 681 1757 tv,
712 1694 805 1755 pense
830 1677 964 1746 Augusto·
994 1679 1019 1729 8·
1062 1677 1098 1758 βπ
1141 1693 1173 1730 ae
1221 1675 1350 1743 iectum
1373 1698 1446 1743 esse
1467 1676 1658 1760 inermem,
1686 1677 1745 1746 sed
1767 1677 1819 1747 ibi
1836 1673 1951 1748 Deum
1969 1693 2090 1749 testem
2107 1681 2212 1750 inno-

284 1745 406 1799 editione
428 1742 569 1815 epistolam
595 1745 741 1814 descripsi,
771 1763 839 1815 quae
865 1765 949 1814 quum
970 1748 1030 1801 daia
1048 1757 1082 1799 sit
1102 1745 1128 1800 d.
1149 1749 1172 1799 l.
1307 1776 1314 1791 ·
1423 1778 1431 1794 ·
1842 1778 1851 1797 ι
2043 1783 2053 1799 .
2115 1783 2154 1800 ..

285 1815 361 1886 sept.
384 1813 472 1884 1554„
495 1823 576 1884 9⁰¹⁰,
628 1811 728 1865 ctorem
753 1812 812 1865 gb„
837 1814 985 1869 editionem
1005 1833 1076 1866 anno
1099 1815 1173 1867 1554.
1223 1777 1505 1863 centiaefuisse,
1543 1790 1577 1846 et
1599 1801 1742 1846 ornasse
1767 1793 1961 1849 castitatem
1985 1796 2020 1849 et
2041 1795 2211 1851 iustitiam

281 1885 417 1958 prodisse.
435 1909 469 1923 -
504 1831 709 1935 Melantllonem
729 1901 786 1934 esse
807 1895 945 1937 auctorem
968 1882 1047 1938 buius
1067 1883 1173 1936 Dolscii
1223 1878 1391 1969 praemio,
1447 1875 1556 1947 Dedit
1579 1879 1674 1946 enim
1699 1903 1824 1948 ensem.
1842 1877 1964 1964 Peleo,
2000 1906 2151 1975 eumque
2173 1885 2211 1952 in

283 1950 1172 2092 ἶς”ξζξῗ1ἓῗέῗξ“;ρᾎῖὲὶῖζίἰ’ἑυζῗοέυοὲῇξζῃξξξο[ΙᾘΙῖἓζξζ
1223 1980 1358 2071 proelio
1376 1980 1526 2048 servavit
1542 2003 1582 2048 ac
1598 1980 1753 2061 adiuvit,
1781 1993 1822 2050 ut
1838 1978 2096 2052 Centaurorum
2114 2009 2213 2053 exer.

284 2089 490 2144 Melantbonem
510 2088 568 2170 aliis
586 2089 681 2141 fecisse
699 2091 838 2171 sciamur,
860 2103 888 2143 ut
908 2091 1081 2157 llofmanno,
1107 2089 1173 2143 vtio
1223 2083 1331 2151 citum
1355 2080 1501 2171 pelleret
1525 2094 1559 2150 ei
1577 2081 1791 2173 profligaret.
1844 2081 2019 2153 Laudatlo
2038 2097 2089 2153 est
2109 2088 2213 2156 casti.

284 2159 446 2226 Tbeodoro,
466 2157 595 2211 Dolscius
615 2176 677 2210 vero
696 2176 753 2210 eius
772 2159 921 2230 discipulus
938 2160 1029 2214 suerit.
1223 2184 1304 2253 tatis
1320 2195 1353 2251 ep
1367 2182 1521 2251 iustitiae
1538 2207 1735 2272 congruens
1752 2208 1832 2253 cum
1850 2185 1925 2275 lege
1939 2185 2071 2256 divina¹

188 2331 469 2409 Honestissimis
497 2330 602 2418 uiris,
639 2331 825 2429 sapientia
854 2341 885 2401 et
913 2331 1041 2402 uirtute
1066 2355 1175 2428 prue-

191 2432 384 2525 stantibus,
399 2432 641 2507 Scnatoribus
657 2431 817 2529 inclytae
833 2432 935 2505 urbis
950 2431 1174 2504 Salinarum

193 2538 233 2610 in
260 2537 342 2637 ripa
365 2533 500 2625 Salus,
529 2530 722 2708 Paullus!
742 2533 971 2606 Dolscius
1006 2533 1174 2607 Salutem

662 2663 733 2711 ici.

1327 2382 1404 2456 Etsi
1444 2401 1560 2456 antem
1603 2388 1731 2477 passim
1772 2381 1918 2460 honesta
1962 2408 2143 2481 praecepta
2180 2407 2212 2461 et

1226 2489 1381 2578 exempla
1409 2489 1615 2557 suavissime
1649 2490 1844 2560 recitantur
1874 2490 1912 2558 in
1945 2488 2092 2560 Pindari
2126 2493 2215 2579 odi's,

1224 2603 1369 2684 propter
1383 2613 1473 2681 quae
1491 2590 1709 2680 sapientibus
1730 2591 1817 2659 viris
1833 2591 1936 2662 lectio
1954 2594 2029 2662 eius
2046 2594 2214 2663 omnibus

1225 2692 1443 2782 temporibus
1467 2692 1722 2762 iucundissima
1747 2692 1832 2763 fuit:
1866 2707 1984 2764 tamen
2010 2717 2076 2764 nos
2092 2695 2131 2763 in
2144 2693 2214 2765 Ec·

187 2783 316 2866 Audio
333 2785 515 2885 Angelum
530 2781 783 2868 Polllt'anum‚
811 2789 910 2858 cuius
926 2788 1058 2857 iuditio
1080 2787 1175 2855 mul·
1227 2794 1330 2865 clesia
1353 2817 1427 2861 non
1453 2804 1592 2863 tantum
1615 2789 1707 2863 hanc
1728 2795 1937 2886 particulam
1963 2795 2067 2885 legis,
2108 2821 2214 2890 quam

189 2910 265 2968 tum
281 2894 395 2987 ipsius
409 2906 504 2963 aetas
520 2893 664 2977 tribuit,
690 2893 965 2980 interrogatum,
990 2891 1077 2984 quid
1096 2913 1177 2958 sen·
1226 2895 1402 2966 Pindarus
1418 2907 1453 2964 ct
1470 2895 1530 2963 alii
1547 2896 1721 2987 sapientes
1739 2892 1872 2965 ethnici
1888 2912 2111 2989 proponunt,
2132 2900 2215 2992 quia

189 3001 272 3070 tinet
292 2998 338 3068 de
356 2994 505 3068 Psalmis
519 2993 686 3079 Davidis‚
721 3018 796 3062 non
818 2995 962 3087 quidem
984 2995 1027 3062 de
1050 3015 1177 3081 genere
1227 3000 1347 3068 lumen
1370 2996 1477 3066 estin
1492 2998 1691 3082 mentibus,
1720 2999 1817 3091 quod
1834 2999 1938 3069 nobis
1956 3022 2035 3069 cum
2053 3000 2217 3086 nascitur,
2259 3042 2260 3047 κ

191 3099 383 3183 sermonis,
426 3099 522 3192 quod
542 3099 635 3186 apud
660 3120 724 3164 nos
747 3095 973 3186 peregrinum
993 3119 1066 3163 esse
1092 3117 1177 3163 con·
1227 3101 1316 3169 scire
1339 3110 1494 3189 oportet:
1524 3100 1589 3194 sed
1614 3122 1753 3168 necesse
1770 3113 1839 3184 est,
1868 3123 1933 3169 nos
1947 3115 1981 3170 et
1996 3102 2092 3170 aliud
2108 3122 2218 3189 genus

192 3216 277 3283 stat,
304 3202 365 3269 scd
389 3202 433 3269 de
456 3199 672 3288 argumentis
691 3222 751 3266 seu
767 3199 927 3268 doctrina
945 3195 1178 3279 Psalmorum,
1229 3201 1430 3285 doctrinae,
1461 3200 1626 3271 videlicet
1641 3196 1827 3291 Evangelii
1853 3227 1973 3273 vocem
1997 3205 2042 3271 de
2061 3203 2134 3271 filio
2150 3200 2217 3273 Dei

192 3302 431 3396 respondisse:
470 3325 505 3370 se
538 3326 621 3369 vero
660 3301 760 3368 valde
794 3301 944 3389 probare
979 3299 1179 3379 sententias,
1230 3319 1263 3373 et
1289 3305 1333 3371 de
1355 3303 1504 3391 gratuita
1531 3305 1739 3372 remissione
1758 3316 2003 3393 peccatorum,
2030 3307 2074 3371 de
2092 3326 2218 3373 recon-

192 3409 274 3503 quia
293 3406 365 3475 sint
379 3417 560 3494 praecepta
579 3403 749 3470 virtutum
765 3403 925 3471 omnium
943 3401 1119 3482 civilium,
1145 3411 1180 3466 et
1231 3405 1427 3487 ciliatione,
1469 3405 1513 3471 de
1545 3404 1650 3472 bonis
1676 3405 1829 3472 aeternis
1855 3428 1957 3474 nosse
1984 3417 2018 3473 et
2044 3405 2220 3495 amplecti,

193 3508 474 3580 adseverationes
492 3507 535 3573 de
550 3504 772 3595 providentia
789 3527 827 3570 ac
842 3505 885 3570 de
901 3502 1097 3592 praesentia
1111 3497 1179 3568 Dei
1232 3529 1320 3597 quae
1335 3505 1404 3573 fuit
1419 3504 1537 3592 ignota
1553 3505 1731 3572 mentibus
1747 3500 1924 3593 humanis,
1949 3509 2010 3574 sed
2026 3528 2091 3597 per
2107 3507 2219 3595 filium

195 3614 236 3679 in
259 3633 381 3697 genere
405 3604 580 3686 humano,
611 3608 654 3672 de
676 3607 800 3695 poenis
821 3604 1069 3672 sceleratorum
1088 3602 1180 3670 etde
1233 3631 1272 3674 eii
1296 3605 1378 3673 sinu
1400 3605 1533 3673 aeterni
1556 3606 1666 3695 patris
1684 3606 1819 3696 prolata
1836 3622 1897 3679 est.
1949 3607 2123 3687 Fortassis
2135 3603 2219 3676 haer

200 3700 465 3780 liberationibus
496 3709 691 3789 iustorum,
726 3721 760 3776 et
786 3701 849 3773 has
875 3705 967 3795 ipsas
993 3704 1180 3771 conciones
1233 3700 1426 3775 Politiano
1463 3705 1678 3775 videbantur
1718 3730 1790 3776 esse
1831 3708 2033 3778 barbaricae
2070 3709 2220 3782 fabulae.

199 3813 386 3882 illustratas
409 3836 482 3881 essc
508 3812 582 3879 eius
605 3810 717 3898 gentis
733 3803 902 3878 historiis.
953 3803 1069 3876 Multa
1086 3804 1179 3872 enim
1234 3809 1302 3881 Sed
1338 3830 1403 3876 nos
1437 3806 1565 3878 scimus
1590 3804 1769 3878 Ecclesiae
1799 3809 1997 3879 doctrinam
2024 3809 2222 3879 illustribus

201 3938 272 3984 esse
292 3914 339 3984 ait
354 3909 502 4005 pulchra
517 3913 650 3980 lumina
666 3912 876 4002 figurarum,
903 3932 1052 4001 quarum
1068 3907 1182 3975 maior
1234 3909 1446 3980 testimoniis
1469 3934 1487 3978 a
1504 3910 1582 3981 Deo
1604 3912 1791 3994 traditam,
1821 3911 2060 3980 confirmatam
2081 3923 2114 3979 et
2130 3934 2222 3980 sern-

198 4017 264 4088 tuit
279 4016 389 4106 gratia
410 4017 448 4083 in
463 4038 525 4083 sua
540 4014 679 4102 lingua,
706 4016 824 4081 forsan
842 4028 874 4083 ct
892 4010 1073 4080 accessisse
1095 4009 1181 4077 olim
1235 4038 1298 4105 per
1317 4025 1558 4081 conservatam
1579 4036 1668 4082 esse:
1708 4029 1742 4083 et
1765 4011 1934 4082 habemus
1957 4014 1995 4080 in
2021 4013 2221 4101 pectoribus

196 4121 318 4191 dulces
350 4114 553 4186 harmonias
588 4111 670 4183 huic
697 4115 861 4204 gravitati
887 4113 1184 4203 praeceptionum,
1235 4116 1367 4186 nostris
1395 4128 1486 4184 certa
1514 4116 1729 4196 testimonia,
1771 4136 1860 4207 quae
1883 4116 2129 4184 adsensionem
2156 4140 2220 4185 no-

196 4221 350 4317 querelis
384 4233 417 4288 et
452 4218 753 4286 consolationibus
787 4216 1046 4284 convenientes.
1113 4212 1181 4284 Sed
1238 4231 1344 4286 stram
1373 4217 1593 4287 confirmant.
1660 4215 1751 4286 Cum
1778 4217 1889 4305 igitur
1910 4217 1948 4285 in
1970 4214 2119 4286 Psalmis
2142 4241 2222 4286 vera

197 4339 317 4396 tamen
340 4317 585 4399 haecomnia,
613 4320 748 4410 inquit,
775 4319 933 4388 dulciora
955 4315 1091 4385 suntin
1108 4339 1183 4382 car·
1237 4317 1423 4405 Evangelii
1455 4341 1522 4386 vox
1553 4331 1652 4385 sonet
1678 4319 1721 4386 de
1746 4319 1820 4386 filio
1842 4314 1908 4387 Dei
1932 4319 2078 4388 domino
2104 4332 2225 4388 nostro

197 4422 515 4494 minePindarico.
566 4418 740 4489 Existimo
767 4436 883 4489 autem
908 4418 1074 4487 omnibus
1098 4430 1185 4484 tem·
1239 4418 1316 4487 lesu
1333 4414 1496 4498 Christo,
1532 4418 1604 4486 imo
1629 4444 1708 4488 cum
1736 4420 1810 4512 ipse
1831 4421 1925 4490 filius
1947 4417 2031 4504 Dei,
2065 4415 2223 4518 ὃλόγος,

199 4528 349 4618 poribus
372 4526 422 4594 sic
445 4524 616 4594 iudicasse
641 4524 771 4593 multos
793 4524 914 4590 doctos
937 4520 1050 4602 viros,
1084 4519 1186 4607 igno·
1238 4543 1303 4587 nos
1324 4543 1410 4587 voce
1432 4516 1582 4588 Davidis
1605 4521 1825 4614 alloquatur,
1850 4523 2036 4591 audiamus
2059 4516 2123 4589 has
2141 4518 2227 4591 bar-

202 4643 319 4698 rantes
336 4626 525 4696 discrimen
535 4622 786 4693 EcclesiaeDei
804 4637 837 4693 et
852 4623 1001 4691 aliarum
1018 4621 1187 4710 gentium,
1239 4622 1376 4690 monias
1392 4618 1561 4708 Davidis‚
1594 4637 1626 4692 et
1645 4625 1814 4709 sciamus,
1842 4625 2019 4696 infinitum
2037 4624 2226 4692 discrimen

203 4744 239 4799 et
264 4729 465 4798 discrimina
488 4727 728 4795 doctrinarum
754 4725 858 4815 legis,
890 4723 1097 4815 sapientiae,
1131 4745 1188 4789 ra·
1240 4747 1313 4793 esse
1334 4725 1428 4794 inter
1450 4721 1511 4794 bas
1535 4727 1620 4794 odas
1643 4740 1677 4796 et
1697 4723 1914 4796 Pindaricae.
1973 4724 2099 4795 Statim
2124 4718 2226 4796 initio

201 4832 310 4903 tionis
342 4846 376 4902 et
400 4827 598 4919 Evangelii.
665 4828 896 4897 Manifestum
925 4842 974 4895 est
1000 4827 1112 4907 enim,
1151 4824 1189 4890 in
1239 4827 1473 4919 praecipitur:
1497 4828 1707 4898 osculamini
1726 4829 1857 4913 filium3
1885 4840 1918 4895 et
1934 4827 2117 4897 adduntur
2132 4850 2228 4898 com-

200 4934 393 5005 Pindarico
415 4933 571 5001 carmine
587 4932 738 4999 subinde
754 4931 865 5021 repeti
882 4926 1191 4998 commonefactio-
1242 4929 1390 4998 minatio
1413 4943 1448 4999 et
1469 4931 1670 5022 promissio.
1720 4924 1895 4998 Adfirmat
1918 4930 2140 5018 perditurum
2156 4950 2228 4998 esse

203 5061 264 5108 nes
289 5039 334 5106 de
354 5035 581 5128 providentia
605 5033 690 5112 Dei,
729 5046 913 5123 praecepta
939 5033 982 5099 de
1007 5028 1190 5098 retinenda
1243 5055 1313 5114 eos,
1331 5031 1394 5122 qui
1412 5032 1528 5121 ipsum
1544 5041 1787 5108 contemnunt,
1811 5043 1847 5099 at
1863 5029 1978 5100 salvos
1991 5032 2068 5102 fore
2083 5054 2151 5115 eos,
2167 5032 2228 5122 qu'i

202 5140 337 5211 iustitia
352 5152 386 5207 et
399 5139 443 5205 de
457 5137 647 5217 modestia,
675 5148 708 5203 et
722 5133 1013 5203 comminationes
1028 5145 1061 5199 et
1076 5153 1192 5198 exem·
1243 5144 1448 5200 reverenter
1480 5155 1562 5200 eum
1590 5141 1780 5219 agnoscent
1805 5144 1840 5200 et
1864 5133 2033 5202 beneficia
2061 5133 2135 5200 eius
2155 5130 2231 5201 ¹fide

202 5243 262 5334 pla
285 5244 330 5310 de
350 5239 475 5332 poenis
504 5238 728 5308 iniustorum.
789 5232 981 5322 Quomodo
1010 5230 1194 5301 venustius
1244 5232 1427 5324 accipient.
1486 5229 1583 5301 Haec
1604 5255 1686 5300 vera
1710 5244 1745 5302 et
1766 5256 1840 5303 non
1862 5235 2022 5305 fabulosa
2046 5254 2120 5301 esse
2136 5254 2231 5304 nunc

202 5344 305 5437 pingi
327 5343 444 5432 imago
465 5335 624 5410 bominis
647 5339 730 5409 elati
746 5337 882 5426 magnis
896 5332 1112 5405 successibus
1130 5358 1195 5424 po·
1245 5356 1386 5429 quoque
1406 5343 1542 5402 norunt
1564 5328 1625 5420 hi,
1661 5335 1725 5430 qui
1746 5337 2011 5418 adsentiuntur,
2051 5348 2085 5404 et
2112 5350 2233 5426 postea

204 5446 292 5528 tuit,
325 5443 390 5538 qui
405 5441 535 5513 deinde
549 5441 782 5512 immoderata
799 5438 992 5532 cupiditate
1007 5450 1126 5551 movet
1140 5460 1196 5507 res
1211 5496 1214 5505 ,
1244 5436 1408 5509 ostendet
1421 5448 1568 5508 eventus
1577 5460 1693 5612 ,epum
1710 5437 1805 5509 filius
1819 5436 1886 5510 Dei
1901 5435 2088 5507 manifesto
2106 5436 2234 5509 trium-
