4776 6024
186 331 257 404 111
766 317 1202 431 notsttotetttntt
1263 324 1368 401 ΗΒ.
1394 324 1477 402 xtl.
1507 325 1637 405 tosa.
2134 334 2211 410 tte

184 503 320 576 Deum,
346 491 508 580 angelum
521 492 790 582 redemptorem.
839 490 920 561 Non
935 491 1030 560 enirn
1053 490 1168 561 inser·
1219 495 1300 585 quis
1341 508 1487 586 argutus
1527 498 1708 588 disputare
1748 511 1871 569 contra
1910 522 2025 570 meam
2064 519 2208 577 senten-

182 615 259 669 tum
278 608 328 664 est
344 585 479 688 μόριον
500 592 738 682 copulativum
765 591 804 660 in
824 592 975 663 lectione
994 590 1166 664 Hebraea.
1219 597 1302 665 tiam
1334 597 1467 691 aliquid
1500 599 1647 691 poterit,
1679 612 1796 669 tamen
1820 595 1889 669 hoc
1913 615 2045 673 certum
2068 619 2139 693 est,
2172 621 2208 681 ts

184 698 289 767 Hunc
301 693 465 784 angelum
478 691 595 765 Deum
613 694 703 782 grati
714 693 947 776 celebremus,
960 696 1054 785 quod
1070 716 1166 763 nune
1218 696 1467 793 tranquillitati
1479 701 1801 771 tuaccouscientiae
1816 699 1943 771 melius
1957 706 2207 781 consulturum

181 819 323 891 quoque
336 818 398 865 vos
411 795 450 863 in
464 795 590 864 itinere
604 794 707 879 texit,
717 807 751 863 et
764 807 798 864 tc
814 791 991 864 Ecclesiae
1003 806 1085 862 tuae
1099 795 1166 862 do·
1218 820 1312 879 esse,
1337 798 1368 867 si
1382 799 1468 869 tales
1489 801 1777 892 despumationes
1794 802 1936 877 vitabis.
1986 799 2065 877 Oro
2087 823 2206 881 autem

181 898 345 966 mestirae
364 910 398 966 et
412 895 574 986 publicae
597 895 760 965 restituit.
812 892 1093 985 Responsionem
1120 896 1165 963 de
1217 898 1329 967 lilium
1343 896 1428 985 Dei,
1454 912 1496 970 ut
1513 902 1701 972 consilium
1719 915 1819 974 tuum
1835 916 1956 995 regat..
2005 902 2205 983 Benevola

182 993 364 1068 Stanrari
384 995 621 1066 controversia
649 996 801 1080 absolvi,
833 1018 924 1088 quae
954 994 1020 1067 etsi
1048 994 1166 1064 lenior
1217 996 1283 1069 Die
1296 999 1359 1076 20.
1374 997 1469 1071 lunii
1487 997 1597 1077 156³.

183 1114 251 1181 est,
275 1120 380 1191 quam
395 1119 496 1165 carisa
517 1096 688 1188 postulat,
714 1110 830 1164 tamen
851 1108 932 1165 utut
953 1095 1081 1186 scripta
1104 1109 1165 1180 est,
1957 1100 2156 1202 Philippus,

182 1215 214 1268 et
229 1221 329 1290 spero
343 1197 532 1266 lectoribus
550 1197 618 1287 piis
638 1209 771 1284 gratam
791 1198 878 1269 lore.
931 1192 1075 1267 Mittam
1100 1221 1164 1266 vo-

181 1300 236 1369 bis
249 1296 518 1393 quamprimum
536 1297 692 1386 exempla
712 1297 885 1388 descripta
905 1291 1057 1367 habebo.
1108 1297 1165 1368 De
1286 1306 1460 1431 [.,qpmtjo
1477 1310 1705 1383 sequentialem
1721 1311 1806 1370 literis
1820 1312 2105 1386 estiomenus
2119 1337 2204 1377 nmo

181 1391 402 1468 Marchionis
419 1392 563 1465 ailberti
578 1397 705 1466 itinere
721 1398 843 1466 audies
856 1398 1095 1467 narrationem
1111 1396 1164 1469 tui
1318 1377 1340 1430 ι’
1370 1376 1436 1450 'lli'
1453 1378 1648 1452 ’⁰⁶l¹⁸”²]‘l

182 1499 348 1572 ministri.
399 1495 495 1566 Bene
511 1509 545 1566 el
557 1495 706 1565 feliciter
722 1498 810 1571 vole·
866 1497 1042 1666 lsssslfltjl·
1216 1511 1311 1598 †An
1327 1515 1434 1590 liceat
1451 1515 1576 1593 ducere
1590 1530 1720 1592 natam
1736 1544 1783 1592 ex
1799 1546 1923 1596 sorore
1936 1535 2100 1597 mortuae
2116 1551 2204 1599 oon-

973 1621 1114 1690 rrppus.
1610 1656 1612 1661 ·
1645 1621 1772 1717 iugis?

193 1796 1154 1815 ---·--—-—----—--—-—--·-
1318 1769 1468 1844 Levitici
1486 1776 1544 1851 to.
1565 1777 1748 1847 manifesta
1772 1772 1967 1868 prohibitio
1989 1793 2053 1849 est:
2080 1780 2201 1878 turpi-

1218 1864 1379 1940 tudinem
1399 1875 1531 1970 patrui
1550 1874 1608 1967 toi
1632 1899 1676 1947 ne
1707 1873 1856 1958 reveles,
1896 1901 1959 1949 nea
1981 1875 2126 1952 accedes
2148 1877 2206 1953 ad

178 1939 394 2074 Q
989 1949 1161 2073 Q
1217 1995 1367 2041 uxorem
1383 1974 1477 2059 eins,
1501 1990 1541 2047 ut
1554 1975 1644 2048 Duci
1666 1973 1798 2050 Uirico
1816 1978 2101 2072 Megalburgensi
2126 2007 2202 2055 non

545 2122 806 2210 mmm
1217 2075 1337 2143 liceret
1351 2077 1477 2145 ducere
1495 2079 1638 2149 viduam
1654 2080 1812 2150 relictam
1828 2082 1874 2149 ab
1887 2078 2048 2153 Henrico
2063 2098 2200 2176 patruo.

1333 2175 1406 2245 lam
1427 2181 1557 2267 gradus
1578 2181 1670 2249 idem
1692 2194 1744 2251 est
1764 2181 1929 2273 puellae,·
1946 2208 2034 2276 quae
2052 2197 2132 2254 nata
2146 2199 2202 2258 est

246 2281 269 2350 ψ
287 2278 324 2333 Ex
340 2297 437 2352 apogr.
454 2279 518 2337 eod.
536 2279 705 2353 ouetptrot.
723 2282 751 2336 to
772 2282 822 2340 fot.
840 2302 888 2338 no.
900 2284 927 2341 t.
942 2288 968 2342 9.
986 2307 1014 2360 p.
1036 2289 1093 2344 195.
1217 2298 1257 2343 ex
1271 2297 1391 2346 sorore
1404 2303 1501 2352 meae
1515 2281 1694 2370 coniugis,
1708 2284 1751 2352 ad
1769 2296 2063 2369 materteram,ut
2075 2287 2200 2379 quaeri

1217 2391 1349 2465 posset,
1370 2403 1416 2447 an
1438 2377 1526 2450 mibi
1546 2382 1668 2453 liceret
1688 2384 1816 2453 ducere
1835 2384 1943 2453 liliam
1964 2387 2116 2457 doctoris
2130 2382 2198 2457 Se·

1215 2471 1342 2562 haldi,
1368 2497 1485 2551 natam
1501 2505 1542 2552 er
1556 2506 1676 2553 sorore
1691 2507 1787 2555 meae
1801 2486 1971 2575 coniugis.

1315 2578 1427 2671 Saepe
1443 2584 1488 2651 de
1504 2579 1569 2655 hac
1584 2585 1789 2679 quaestione
1801 2587 2006 2677 interrogati
2032 2602 2114 2658 sunt
2139 2584 2198 2660 bic

1214 2670 1423 2768 Laetetur,
1452 2676 1590 2754 Pastor
1608 2700 1643 2756 et
1663 2686 1736 2761 alii.
1789 2682 1839 2757 At
1857 2709 1992 2781 semper
2011 2691 2200 2781 respondi-

177 2777 226 2864 S.
244 2789 291 2864 D.
344 2791 553 2861 venerande
568 2793 623 2861 vir
644 2807 678 2863 et
695 2795 870 2863 carissime
892 2797 1013 2868 frater.
1066 2797 1162 2882 Scio,
1215 2802 1310 2894 {ssusa
1339 2776 2078 2879 *¹³³‘¹1⁵³P00ffll0110lPfflhlbffldtfflss‘s
2110 2792 2198 2884 ‘1⁰3³

178 2905 213 2961 te
230 2893 347 2961 virum
365 2893 576 2982 pffldessieffl
594 2893 816 2961 confidente
830 2890 1016 2966 hominum
1032 2897 1163 2966 volun,
1215 2903 1252 2944 tn
1268 2877 1426 2953 Levlllco
1442 2886 1670 2978 intelligenda
1689 2888 1734 2958 Sil
1749 2886 1943 2981 plohlbllio
1964 2914 2039 2960 noll
2057 2903 2198 2962 lanium

178 3005 267 3062 tates
289 3007 324 3063 et
343 2992 541 3060 discernere
560 2993 698 3060 lutosas
711 2992 881 3062 amicitias
896 3018 916 3063 a
929 2996 1032 3067 veris.
1084 2993 1161 3086 Ego
1214 2981 1257 3046 di
1274 3003 1420 3069 P0l⁸⁰¹¹l
1447 2988 1587 3076 pallui,
1612 2991 1671 3059 ⁸fl‘l
1693 2991 1738 3058 de
1756 2992 1884 3080 trfldus
1908 2992 2072 3063 Vidi-'lim
2090 2995 2196 3063 ellam

177 3090 352 3163 affirmare
366 3113 527 3182 possum,
552 3104 585 3160 te
599 3114 679 3160 vere
692 3116 711 3161 a
724 3117 781 3161 me
794 3094 914 3183 diligi,
935 3096 1042 3188 idque
1055 3095 1161 3167 intel.
1214 3081 1258 3148 de
1278 3087 1475 3199 materteris
1499 3102 1535 3159 et
1555 3090 1686 3165 amitis.
1739 3089 1826 3161 Vult
1847 3089 1942 3162 Deos
1964 3095 2195 3167 reverentiam

175 3192 287 3284 ligere
306 3204 342 3263 te
365 3192 530 3264 arbitror.
582 3189 704 3283 ltaque
727 3192 845 3284 legens
867 3208 963 3265 tuam
983 3198 1162 3291 quaestio.
1211 3184 1395 3270 sanguinis
1408 3188 1577 3259 maiorem
1598 3215 1671 3261 csse
1688 3214 1767 3281 erga
1784 3194 2004 3285 superiores,
2031 3220 2136 3287 quam
2156 3195 2194 3264 in

175 3316 259 3364 nem
292 3315 420 3383 magno
458 3292 581 3361 dolore
611 3292 767 3366 adficior.
825 3292 1010 3385 Respondi
1042 3311 1158 3367 autern
1211 3280 1305 3351 lineo
1326 3289 1476 3378 aequati,
1532 3286 1622 3360 Dico
1644 3294 1752 3382 igitur
1770 3306 1805 3362 et
1829 3295 1905 3363 iure
1927 3296 2051 3363 divino
2074 3292 2196 3388 prohi-

175 3395 404 3485 simpliciter,
429 3406 464 3462 et
477 3394 600 3461 eodem
614 3394 719 3463 modo
742 3394 832 3465 sicut
844 3388 1034 3467 lutherus
1042 3449 1055 3483 ,
1082 3393 1158 3469 Pa.
1211 3381 1290 3452 beri
1302 3385 1605 3476 desponsationem
1623 3393 1761 3484 puellae
1776 3419 1855 3463 cum
1871 3396 1947 3464 viro
1965 3410 2182 3469 materterae.

176 3503 271 3577 star,
291 3508 325 3563 et
338 3518 402 3584 ego
418 3493 537 3562 multis
556 3494 811 3583 respondimus.
863 3493 912 3567 Et
926 3500 1064 3568 ostendi
1079 3524 1161 3591 pos-
1229 3582 1239 3600 .
1314 3484 1396 3557 δύο
1421 3491 1507 3583 quid
1530 3508 1672 3584 orgnluo
1694 3494 1892 3585 disputator
1913 3521 2089 3589 opponere
2112 3523 2195 3590 pos-

175 3608 259 3666 sunt
274 3594 517 3686 responsiones
538 3587 605 3664 hoc
618 3597 724 3665 modo
744 3596 893 3686 scriptae
915 3613 997 3669 ante
1022 3602 1160 3694 aliquot
1211 3598 1269 3701 ⁵¹¹⁰.
1305 3584 1385 3702 ‚Sed
1401 3582 1469 3660 l¹0⁰
1491 3595 1678 3665 consilinm
1701 3589 1883 3665 honestius
1903 3612 1954 3668 ost
1976 3614 2009 3669 et
2029 3601 2073 3668 ad
2094 3614 2195 3670 tren-

175 3719 299 3767 aunos.
357 3694 613 3783 lntelligimus‚
645 3692 923 3786 prohibitionem
946 3702 984 3768 in
997 3699 1156 3772 Levitico
1210 3686 2195 3791 q⁰¹¹¹¹¹³l⁰m⁶⁰¹1⁸tfffllin⁶ulffiffl,Praetorllmtum

175 3798 274 3889 loqui
290 3820 365 3867 non
378 3808 516 3867 tantum
534 3796 578 3864 de
595 3818 743 3885 persona
757 3799 891 3887 patrui,
916 3802 1097 3871 sedetiam
1112 3802 1156 3872 de
1209 3786 1419 3859 deliberatio
1433 3792 1471 3862 fil
1485 3797 1721 3872 antefactum.

174 3900 308 3988 gradu,
334 3899 377 3966 de
399 3896 516 3965 antitis
540 3906 575 3965 et
594 3896 801 3969 materteris.
853 3898 988 3993 Siquis
1007 3916 1157 3973 conten·
1210 3985 1218 4003 ι
1274 3885 1413 4005 ,ΗΜ
1440 3916 1554 3965 metm
1580 3900 1846 3989 responsionem
1879 3919 1978 3995 potes
2008 3908 2195 3976 ostendere

174 3999 262 4066 tlose
277 3999 448 4087 disputat,
476 3997 512 4063 in
528 3993 687 4064 Levitico
709 4009 844 4067 tantum
870 4000 914 4067 de
931 4016 1055 4089 patruo
1072 4026 1156 4093 pro.
1207 3987 1433 4061 rudrcandam
1446 3996 1575 4086 quibus
1598 4000 1713 4084 voles,
1740 4002 1844 4073 etiam
1866 4004 1992 4074 vicinis
2011 4007 2084 4078 tuis
2106 4004 2194 4077 Par·

174 4090 388 4164 bibitionem
414 4096 677 4182 intelligendam
703 4119 793 4181 esse,
823 4099 851 4166 a
879 4099 1061 4169 araneum·
1090 4099 1155 4172 ho
1207 4082 1473 4182 thenopeis”).
1737 4093 1746 4111 ’

173 4194 312 4264 minum
329 4195 531 4266 adfectibus.
582 4193 734 4264 Memini
750 4201 925 4290 quendam
939 4196 1154 4272 Sieim'cium

173 4299 301 4368 ducere
314 4307 433 4362 natam
448 4316 488 4362 ex
503 4316 621 4362 sorore
636 4311 793 4366 mortuae
813 4301 991 4390 curriugis,
1017 4316 1052 4372 et
1073 4327 1153 4372 cum

172 4410 252 4488 post
273 4399 403 4467 factum
425 4414 570 4483 magnae
586 4397 809 4486 quaestiones
833 4401 1029 4484 orirentur,
1055 4427 1155 4475 moe-
1208 4475 1353 4490 ......

172 4496 267 4568 stitia
283 4494 480 4583 consumpti
496 4506 579 4562 sunt
595 4494 701 4566 viret
716 4522 816 4568 uxor.

273 4592 360 4669 Sum
386 4594 550 4678 miratus,
582 4596 704 4663 eodem
730 4598 806 4681 die,
835 4625 905 4692 quo
935 4616 1013 4673 tuas
1035 4604 1152 4694 accepi

171 4700 306 4782 literas,
331 4695 450 4786 occepi
466 4707 501 4764 et
516 4694 661 4763 alteram
676 4697 859 4786 epistolam
875 4724 894 4769 a
915 4717 1055 4792 pastore
1064 4698 1151 4770 Da-

171 4795 305 4880 ratensi,
334 4797 395 4892 qui
418 4817 561 4889 prorsus
581 4797 726 4877 candem
749 4800 989 4891 quaestionem
1019 4826 1152 4894 propo·
1717 4885 1725 4903 ι

45 4888 48 4895 ’
171 4898 260 4982 suit,
284 4922 325 4967 ac
347 4898 511 4989 cupiebat
534 4910 570 4967 et
590 4896 805 4988 ipseducere
827 4912 945 4968 natam
968 4925 1008 4971 cx
1031 4924 1151 4975 sorore
1500 4873 1566 4965 Ῑθ.
1598 4878 1874 4999 Attrtfttbro.

169 4998 329 5089 coniugis
349 5012 519 5069 mortuae.
570 4995 774 5089 Respondi,
801 4994 981 5088 prohiberi
1005 4997 1069 5072 bas
1089 5005 1152 5073 de-
1302 5025 1377 5092 'effi
1395 5046 1489 5104 apogr.
1509 5038 1538 5092 t·
1556 5043 1621 5097 eoa.
1640 5043 1727 5098 oreta.
1746 5046 1782 5101 o.
1802 5046 1836 5102 t.
1858 5047 1926 5106 w.

168 5097 412 5194 sponsationes
432 5099 509 5169 iure
532 5099 667 5170 divino.
727 5096 836 5170 Mitto
856 5095 953 5174 hunc
983 5104 1150 5175 nuntium

169 5226 247 5273 mes
267 5198 446 5282 mercede,
477 5209 518 5269 ut
539 5194 668 5270 habeas
691 5201 975 5292 responsionem,
1009 5220 1043 5277 et
1068 5220 1150 5297 peto
1407 5282 1414 5297 ,
1522 5284 1531 5300 ‚
1585 5285 1592 5300 ‚
2025 5294 2033 5310 ‚

168 5316 210 5375 ut
229 5296 321 5371 mibi
340 5298 527 5380 rescribas,
556 5312 598 5370 ut
617 5302 788 5394 accepisse
808 5319 841 5375 te
862 5328 976 5375 meam
1002 5330 1150 5400 respon·
1234 5282 1262 5348 ‘l
1281 5278 1371 5336 Μ’
1388 5300 1463 5352 ‘¹¹¹⁸’
1484 5304 1530 5356 ‘¹¹¹¹
1550 5286 1692 5357 ‘mmm
1710 5307 1741 5343 ⁸¹
1760 5294 1928 5366 ''¹⁰⁸”Pffl’
1945 5294 2098 5367 ΜΝ

170 5402 323 5488 sionem,
373 5415 469 5472 certo
501 5398 621 5471 seiam.
680 5398 897 5498 Quanquam
930 5419 1049 5479 autem
1079 5409 1149 5481 ali·
1189 5436 1192 5441 ·
1234 5363 1968 5538 ’,ὲῃΑξἝῖζζξόἕέζοὶῇᾓξξὲζξξΰᾞνιξὲΰρ
1986 5376 2196 5450 „hadma-

177 2436 388 2513 Reaerendo
407 2437 501 2522 viro,
527 2435 729 2512 eruditione
751 2451 783 2511 et
799 2440 928 2514 virtute
941 2446 1163 2541 praestanti,

178 2540 233 2619 D.
272 2537 556 2624 Wernhero,
599 2536 754 2614 Pastori
792 2541 981 2615 Ecclesiae
1012 2544 1094 2618 Dei
1122 2547 1163 2620 in

309 2666 392 2715 arce
415 2638 637 2730 Barbiensi,
653 2642 781 2743 fratri
803 2669 871 2719 sno
897 2646 1045 2731 carisa,

1712 4250 1900 4349 Philippus
1919 4254 2144 4331 Melanthon.

1206 4662 1269 4738 No.
1283 4668 1396 4744 5418.

1210 4759 1381 4792 ὈΝ

1203 5187 1417 5207 Μ-
