4776 6024
172 352 246 429 181
747 340 1176 420 EPISTOLARUM
1229 337 1448 415 monn.
1503 340 1632 420 1653.

173 546 265 601 mus.
322 517 541 614 Scripsimus
572 520 616 588 de
647 517 797 608 pecunia
820 511 1103 615 Monsscideosi
1119 506 1167 601 *),
1218 508 1288 581 No.
1306 507 1419 585 5507.

173 640 214 700 ut
229 650 269 696 ex
284 623 398 695 literis
414 622 546 693 nostris
562 619 783 709 intelligetis,
808 619 853 687 de
869 643 908 688 ea
924 643 962 688 re
978 640 1106 710 quaeso
1127 630 1168 686 ut
1227 605 1399 636 Μ
2034 609 2206 639 ”⁴⁸³

174 723 398 808 deliberetis,
424 749 468 792 an
492 721 602 810 magis
618 720 729 811 prosit
748 721 790 788 ad
809 714 1082 811 Stolbergenses
1097 714 1168 786 Co·
1561 710 1628 798 10,
1655 711 1864 831 Stipglio,

171 830 295 912 mites,
319 827 448 895 autad
477 825 592 914 ipsum
617 817 789 890 Comitem
813 817 1005 890 Albertum
1028 814 1167 888 Mans-

166 923 374 1030 seldcnsem
398 927 572 1007 scribere,
598 923 698 992 cuius
718 923 882 990 voluntas
901 922 1052 991 alienior
1074 933 1125 988 est
1148 941 1167 987 a

172 1030 298 1148 nobis-0
327 1025 551 1146 (ἷθῐῐξῐΰθῃᾶθ
569 1036 603 1092 ‘i
618 1022 761 1113 publica
783 1023 916 1107 ⁸¹¹¹dl³2
942 1036 976 1091 ⁰¹
991 1044 1056 1090 ¹¹⁰⁸
1073 1022 1167 1110 59⁸⁰⁸
1219 1050 1443 1128 Clarissimo
1466 1058 1561 1144 viro,
1596 1056 1763 1151 ingenio,
1796 1055 1999 1131 eruditione
2019 1072 2052 1131 el
2075 1062 2204 1135 virtute

173 1128 461 1222 Magnificentrae
477 1140 623 1197 vestrae.
676 1121 774 1192 Bene
789 1124 912 1197 valete.
965 1122 1070 1192 Sexto
1092 1119 1165 1192 Cal
1216 1158 1446 1254 praestanti,
1483 1155 1539 1233 D·
1568 1154 1749 1229 Iouam·
1773 1156 1998 1255 sufflo,
2030 1167 2085 1258 „p
2111 1166 2202 1258 Θεῷ,

173 1230 343 1305 Decemb·
1218 1254 1281 1330 καὶ
1303 1261 1384 1341 ταῖς
1405 1251 1598 1346 Μούσαις,
1626 1253 1811 1357 φιλτάτῳ,
1835 1261 1963 1361 fratri
1982 1286 2052 1334 seo
2076 1264 2203 1342 coriss.

1652 1362 1689 1435 S.
1718 1366 1762 1432 D.

1219 1488 1368 1578 clariss.
1386 1509 1443 1577 vir
1458 1519 1492 1576 et
1508 1508 1627 1578 cariss.
1643 1508 1761 1576 irater.
1813 1507 2013 1580 Meministi
2030 1509 2092 1578 illa
2110 1510 2204 1601 apud
2255 1574 2266 1589 ‚

177 1628 243 1702 No⁸
258 1621 371 1698 5506,
994 1638 1053 1698 29,
1077 1628 1156 1693 ΝΜ,
1219 1629 1300 1675 eum
1316 1619 1472 1697 poetam,
1498 1608 1611 1698 quite
1629 1632 1769 1700 quoque
1784 1609 1980 1695 dilexisset,
2005 1622 2039 1679 et
2052 1610 2204 1681 admira-

186 1720 357 1751 *Ν
988 1719 1160 1749 ”⁶⁵⁵⁴
1219 1725 1275 1775 tus
1291 1721 1389 1792 esset,
1414 1708 1443 1775 si
1459 1708 1566 1776 simul
1581 1708 1766 1792 vixissetis,
1786 1709 1933 1780 scilicet:
1955 1707 2115 1802 ingeniis
2129 1707 2205 1778 oli-

450 1823 518 1910 Μ
547 1820 885 1935 Meipnburgio·
1219 1831 1293 1903 qua
1311 1816 1362 1876 est
1380 1802 1573 1879 concordio
1596 1805 1740 1877 iunctis.
1788 1807 1859 1877 Hic
1877 1805 2053 1903 Aegidius
2068 1801 2205 1878 Palla-

218 1954 226 1973 .
724 1924 731 1939 ·
1220 1902 1323 1992 dius,
1343 1910 1406 1978 etsi
1430 1908 1547 1978 locum
1570 1909 1663 1976 inter
1685 1909 1955 1993 Iurisconsultos
1978 1912 2017 1979 in
2036 1911 2116 1982 aula
2140 1914 2204 1979 lu·

279 2002 363 2076 Epist.
380 2000 430 2057 ¹5⁵·
444 1999 481 2058 V·
500 2018 527 2073 1·
541 1999 593 2055 ⁶4⁸
605 2017 647 2070 ⁸t·
1220 2004 1375 2077 liecensi
1387 1995 1498 2088 tenet‘,
1526 2021 1643 2077 tamen
1656 2022 1691 2077 et
1701 2004 1727 2102 ¹)
1745 2006 1867 2079 Musas
1882 2011 1977 2092 colit,
2004 2025 2039 2081 et
2053 2025 2087 2082 te
2100 2011 2203 2080 valde

228 2150 371 2233 Mel·
398 2149 748 2245 Mestlt's‘n
773 2142 934 2225 ‘'nn'‘
945 2148 1115 2226 linit·
1216 2110 1353 2280 iiiii
1369 2108 2203 2301 ,ttzlll‘lllltt533⁸{2ll‘l{tlsill

617 2277 723 2328 ‘im'
1220 2326 1298 2395 tur,
1324 2325 1358 2380 te
1379 2326 1414 2382 et
1432 2323 1541 2396 amat,
1567 2324 1601 2381 et
1617 2311 1737 2381 videre
1758 2312 1866 2402 cupit.
1918 2309 2038 2400 Quare
2059 2312 2091 2381 ei
2113 2307 2205 2382 hanc

177 2397 230 2481 S·
253 2406 302 2482 D.
357 2404 583 2497 integerrime
616 2402 694 2486 vir,
736 2413 771 2469 et
806 2395 1010 2470 charissime
1046 2401 1167 2472 amice·
1219 2411 1403 2504 epistolam
1419 2414 1520 2497 dedi,
1543 2436 1585 2480 ex
1600 2436 1667 2503 qua
1682 2411 1798 2481 statim
1813 2433 2049 2501 cognosceres,
2075 2427 2109 2481 et
2124 2414 2205 2505 quis

176 2507 253 2579 Dei
276 2506 444 2579 beneficio
477 2519 567 2576 recte
593 2504 686 2574 valet
720 2503 832 2585 filius,
869 2515 904 2572 et
932 2503 1046 2574 discit.
1098 2500 1166 2570 Be·
1218 2514 1281 2596 sit,
1308 2525 1341 2581 et
1357 2537 1463 2605 quam
1485 2506 1612 2581 haheat
1634 2534 1772 2581 eausam
1792 2525 1828 2581 te
1845 2513 2011 2586 adeundi,
2061 2509 2110 2582 Ei
2130 2513 2203 2582 col.

178 2636 228 2680 ne
258 2608 352 2679 valet
373 2607 473 2678 etiam
495 2599 641 2690 Lucae,
680 2616 715 2672 et
747 2602 899 2672 andiunt
931 2603 1034 2671 ambo
1057 2595 1168 2671 Lau·
1218 2613 1397 2705 loquium,
1431 2626 1465 2681 et
1487 2612 1676 2681 amicitiam
1704 2626 1806 2706 tuam*
1827 2606 2020 2705 expetit²).
2080 2608 2204 2684 Iudico

179 2706 358 2795 rentium,
407 2720 628 2778 enarrantem
665 2702 930 2785 Institutiones‚
972 2726 1062 2797 quae
1097 2702 1168 2773 Lc-
1221 2715 1336 2784 virum
1364 2708 1552 2783 honestum
1577 2726 1612 2783 et
1638 2713 1816 2782 eruditum
1842 2734 1933 2783 csse.
1989 2711 2079 2784 Nam
2103 2727 2137 2783 'et
2158 2715 2203 2784 de

1290 885 1377 941 Dans.
1394 903 1457 957 epp.
1474 884 1508 942 sd
1526 884 1627 957 Sn'get.
1645 904 1689 958 cp.
1699 887 1744 943 ts.
1781 884 1954 944 (1116111
1973 886 2030 946 tes.
2047 891 2162 963 11111.

176 2838 259 2905 gum
290 2806 477 2882 Elementa
509 2807 705 2880 continent·
766 2803 899 2896 Accepi
925 2805 1068 2894 triginta
1099 2806 1167 2874 flo·
1219 2814 1379 2884 doctrina
1395 2812 1571 2885 Ecclesiae
1590 2815 1701 2884 multa
1725 2813 1781 2904 pie
1803 2836 1939 2883 mecum
1958 2814 2144 2899 disseruit,
2169 2829 2204 2884 et
2326 2886 2329 2893 ,

179 2936 303 3001 renos,
335 2924 371 2987 ct
398 2911 480 2981 dedi
505 2909 596 2994 filio,
630 2922 665 2978 ct
688 2900 832 2990 Lucae,
871 2901 1168 2997 ⁸⁸Pl0m1⁰³thi-
1219 2915 1339 2986 audivi
1361 2915 1497 2984 erudite
1519 2915 1758 3004 disputantem
1782 2915 1954 3007 quaedam
1975 2938 2018 2984 ex
2039 2917 2203 2986 doctrina

177 3016 308 3100 mimis
338 3012 975 3101 ³⁰11¹⁵⁸isnipssiefffliamescum
992 3032 1081 3099 ⁰911ss
1105 3020 1167 3081 esi·
1219 3015 1578 3098 Iurisconsultorum,
1613 3038 1693 3084 cum
1727 3014 1766 3082 iu
1797 3014 1971 3103 prandio,
2007 3017 2203 3108 quaesitum

178 3119 312 3189 Doctor
350 3106 628 3184 Schneidewin
667 3110 738 3179 iam
776 3110 953 3180 Dresdom
990 3110 1167 3199 profectus
1220 3129 1331 3202 esset,
1351 3140 1397 3186 an
1421 3118 1511 3186 iuste
1530 3105 1765 3185 Athenienses
1785 3114 2041 3187 interfecissent
2057 3112 2203 3208 Epicra-

181 3235 233 3288 est
259 3228 402 3310 propter
431 3214 612 3288 Comitum
638 3210 912 3293 controversias,
946 3233 1036 3301 quae
1066 3211 1168 3278 V⁰bi⁸
1218 3233 1308 3300 tem,
1330 3218 1427 3310 quod
1444 3213 1676 3286 Themistocli
1689 3217 1791 3307 pulso
1808 3217 1955 3286 misisset
1970 3217 2154 3305 coniugem
2169 3230 2204 3287 et

180 3333 284 3388 notae
308 3310 479 3410 sunt**).
528 3315 583 3384 De
605 3313 756 3404 publicis
772 3310 920 3399 negotiis
936 3334 1010 3379 non
1036 3305 1168 3394 habeo,
1219 3321 1361 3388 liberos.
1412 3315 1626 3386 Monstravit
1642 3312 1733 3384 mihi
1749 3311 1806 3385 hic
1819 3310 2000 3410 Aegidins
2017 3330 2052 3386 et
2067 3330 2201 3406 partem

180 3422 276 3514 quod
310 3418 472 3491 scribam.
531 3414 733 3484 Teneamus
766 3412 1042 3481 consolationem
1076 3407 1168 3480 hone
1220 3420 1427 3501 carminum,
1453 3418 1583 3509 quibus
1597 3417 1752 3485 reddidit
1766 3439 1911 3504 gnomas
1925 3414 2138 3499 Salomonis,
2163 3418 2203 3485 in

180 3551 200 3591 v
224 3545 300 3590 ram
321 3533 355 3589 et
369 3521 522 3587 firmam:
550 3515 683 3586 Filium
699 3514 764 3584 Dei
781 3511 973 3582 Custodem
990 3535 1062 3581 csse
1085 3536 1167 3580 suae
1220 3520 1349 3612 quibus
1363 3518 1430 3586 scis
1444 3517 1616 3585 contineri
1632 3515 1885 3606 amplissimam
1898 3517 2106 3608 sapientiam
2120 3541 2204 3587 vere

182 3547 377 3691 Ccclesiae.
425 3616 502 3685 llac
538 3641 604 3686 nos
643 3614 884 3687 consolatione
925 3625 1169 3699 sustentemus,
1220 3614 1363 3707 dignam
1393 3619 1538 3687 summis
1567 3617 1718 3705 regibus.
1775 3612 1939 3706 Excipies
1970 3619 2078 3705 igitur
2105 3615 2204 3688 hunc

185 3722 281 3790 sicut
297 3719 465 3807 scriptum
482 3731 547 3788 est:
571 3717 682 3789 Nemo
704 3717 817 3807 rapiet
831 3739 913 3784 oves
926 3736 1022 3781 meas
1037 3739 1077 3782 ex
1093 3738 1167 3782 ma·
1221 3713 1428 3813 Aegidium,
1452 3730 1493 3786 ut
1509 3717 1623 3786 virum
1638 3711 1826 3786 honestum
1842 3730 1876 3786 et
1890 3718 2081 3801 eruditum,
2103 3731 2137 3787 et
2150 3717 2203 3787 tui

186 3822 297 3890 nibus
309 3818 406 3887 meis·
448 3815 519 3887 1.·1111
536 3813 591 3889 hic
607 3819 735 3888 milites
752 3816 1001 3898 dimittuntur,
1024 3815 1090 3884 etsi
1106 3837 1168 3903 ego
1221 3833 1407 3893 amantem.
1460 3813 1553 3888 Mihi
1575 3818 1619 3887 de
1635 3819 1882 3887 concionatore
1897 3811 2123 3887 Iuliacemis
2140 3841 2203 3887 au.

186 3921 330 4015 quidem
352 3932 540 3990 venturum
569 3943 702 3989 annum
729 3929 859 3991 metuo.
916 3916 1013 3987 Dens
1039 3939 1080 3984 ex
1104 3911 1170 3984 hoe
1222 3924 1275 3993 lae
1293 3922 1405 3990 multa
1429 3919 1601 4004 narravit,
1627 3943 1717 4013 quae
1739 3942 1801 3988 vos
1817 3940 1958 4011 quoque
1979 3918 2069 3988 scire
2084 3918 2203 3992 velim.

185 4020 328 4091 mortali
345 4020 414 4090 vita
429 4023 473 4090 ad
495 4021 656 4091 coelestis
671 4016 847 4088 Ecclesiae
871 4017 1070 4088 societatem
1087 4040 1170 4086 evo-
1222 4022 1277 4095 De
1291 4016 1434 4117 hospite
1448 4014 1608 4105 Graeco,
1639 4021 1734 4112 quod
1747 4042 1826 4107 erga
1847 4042 1928 4088 eum
1945 4018 2120 4088 officiosus
2132 4020 2204 4090 sui.

183 4123 280 4192 casit
302 4119 502 4213 Principem
526 4115 728 4216 Georgium
751 4111 1002 4191 Andoilinum
1025 4117 1083 4187 die
1112 4117 1170 4192 17.
1222 4126 1285 4206 sti,
1307 4146 1371 4213 ego
1387 4146 1528 4217 quoque
1543 4120 1655 4211 gentis
1671 4120 1814 4189 nomine
1830 4119 1893 4189 tibi
1908 4118 2057 4209 gratiam
2080 4115 2204 4197 habeo.

184 4220 367 4297 Octobris.
406 4220 545 4293 Deinde
562 4237 596 4293 et
608 4218 785 4292 Iacobum
806 4216 1010 4290 Sturmium
1030 4216 1171 4308 Argen·
1222 4223 1395 4297 Existimo
1410 4246 1476 4292 nos
1490 4221 1739 4311 gratitudinem
1753 4221 1850 4310 genti
1871 4221 2016 4305 debere,
2040 4244 2130 4313 quae
2152 4233 2204 4292 tot

183 4327 278 4395 tinae
294 4325 352 4394 die
366 4324 544 4394 lricssimo
562 4321 740 4396 Octobris·
775 4321 1008 4401 N0nd1¹bil⁰s
1032 4334 1172 4391 utrum-
1223 4326 1348 4397 seculis
1368 4338 1483 4394 custos
1498 4323 1739 4392 doctrinarum
1762 4321 1848 4404 fuit,
1874 4335 1906 4392 et
1925 4322 2025 4391 cuius
2042 4321 2154 4392 literis
2169 4335 2204 4391 et

185 4449 252 4520 que
274 4427 396 4496 laetari
422 4426 622 4494 dulcissima
645 4423 901 4494 consuetudine
924 4421 1080 4490 coelestis
1102 4419 1173 4490 Ec·
1224 4425 1463 4496 monumentis
1487 4447 1583 4492 nunc
1601 4444 1742 4515 quoque
1763 4423 1957 4494 erudimur.
2007 4419 2116 4492 Mitto
2139 4421 2204 4491 tibi

184 4527 319 4600 clesine.
371 4520 452 4596 Oro
475 4541 591 4596 autem
613 4524 745 4595 Filium
770 4521 856 4604 Dei,
887 4518 1083 4592 Dominum
1107 4546 1173 4590 no·
1225 4543 1261 4598 et
1283 4526 1442 4616 exempla
1461 4538 1606 4594 tuorum
1627 4523 1843 4607 carminum,
1868 4524 1997 4616 quibus
2011 4537 2045 4593 et
2060 4514 2208 4592 Cisneri

185 4640 299 4696 strum
314 4624 431 4695 lesum
446 4621 649 4711 Christum,
675 4640 716 4696 ut
729 4647 792 4693 vos
807 4636 841 4692 et
855 4636 988 4692 vestros
1004 4636 1174 4713 protegat,
1225 4650 1346 4701 versus
1368 4625 1614 4708 adiunximus,
1647 4626 1743 4718 quod
1765 4623 1832 4713 ipsi
1861 4624 1933 4694 scio
1954 4636 2092 4713 gratum
2114 4625 2207 4708 lore;

184 4741 221 4796 et
250 4727 310 4795 det
327 4722 482 4817 Reipnb.
512 4752 648 4818 pacem,
680 4741 715 4797 et
736 4726 923 4795 salutarem
948 4725 1175 4814 gubematio-
1226 4753 1267 4800 ac
1291 4729 1362 4799 scio
1387 4741 1420 4798 te
1446 4728 1492 4798 ab
1517 4751 1558 4797 eo
1585 4725 1697 4816 diligi.
1754 4722 1851 4794 Bene
1877 4725 1953 4795 vale
1981 4738 2017 4793 et
2045 4726 2207 4798 rescribe.

185 4851 283 4901 nem.
331 4823 399 4897 Die
413 4825 476 4897 29.
492 4826 714 4900 Novembris.
1227 4830 1343 4923 pridie
1359 4825 1436 4902 Cal.
1451 4824 1617 4900 Decemb-

899 4920 1098 5023 Philippus.
1963 4917 2160 5019 Philippus.

221 5174 254 5239 ¹⁸)
274 5173 335 5228 vit.
348 5171 430 5243 epist.
441 5171 475 5227 ad
489 5171 666 5226 nstitutum
679 5171 706 5226 d.
719 5168 763 5225 25.
778 5068 885 5226 111111
899 5182 924 5219 1.
1265 5166 1294 5230 1)
1314 5168 1357 5227 er]
1369 5160 1466 5216 excidit
1478 5161 1644 5229 cpudDaur.

219 5276 266 5339 ”)
282 5273 348 5330 Vid.
364 5290 409 5345 cp.
425 5271 509 5328 (1.15.
527 5271 764 5334 1111110111.
1264 5262 1294 5328 2)
1310 5264 1399 5316 Dans.
1418 5279 1448 5314 es
1461 5258 1575 5314 nendo:
1601 5259 1724 5325 express.

1599 5526 1681 5606 12*
