4776 6024
138 232 215 311 tto
719 233 1148 313 EPISTOLARUM
1201 234 1304 315 LlB.
1330 239 1413 321 llll.
1467 241 1591 359 1555.
2098 249 2174 323 450

140 407 203 503 qui
234 409 356 498 legunt
380 421 414 478 et
444 408 704 497 amplectuntur
732 404 971 500 incorruptam
996 407 1130 480 doctri·
1184 432 1240 479 res
1255 411 1311 480 vir
1326 409 1575 500 Reverendus,
1598 408 1780 512 Georgius
1790 411 2042 494 Buchlsolacr.
2069 443 2170 515 pras·

143 535 228 580 nam
246 507 450 598 Evangelii,
476 524 509 578 et
524 525 616 581 recte
631 511 798 581 invocant
813 509 942 581 Deum.
992 509 1130 582 Acuu-
1185 512 1319 602 positus
1348 511 1524 586 Ecclesiae
1552 520 1622 588 Dei
1651 520 1688 588 in
1720 523 1806 590 urbe
1831 520 1988 597 Berliuo.
2050 522 2170 613 Quare

141 636 206 705 per
220 613 315 703 apud
332 636 387 679 me
401 605 528 701 hospes
544 613 610 681 fuit
627 613 789 681 sacerdos
803 610 994 683 Polonicus
1006 609 1056 706 ¹),
1076 613 1132 681 vir
1184 637 1306 684 omnes
1321 610 1599 708 honestos..vi1·os
1615 646 1699 708 oro,
1724 637 1762 692 ut
1778 625 1838 691 ubi
1855 626 1922 694 erit
1939 626 2093 709 occasio,
2115 628 2170 696 lo-

141 717 269 783 doctus
287 727 321 781 et
337 713 431 802 pius,
457 713 518 806 qui
537 715 747 798 advenerat,
768 727 810 784 ut
825 716 868 782 de
884 715 1007 784 multis
1023 738 1131 808 quae·
1184 738 1264 783 cum
1282 718 1432 789 docendi
1448 723 1479 791 ei
1495 721 1672 805 tribuant,
1699 725 1780 792 etei
1805 726 2033 794 benefaciant.
2086 726 2167 798 Mea

143 815 321 884 stionibus
338 839 475 882 mecum
491 838 569 883 suas
585 815 811 903 cogitationes
828 817 1013 889 conferret.
1061 813 1129 886 Sed
1184 816 1289 884 etiam
1307 819 1419 890 officia
1438 823 1469 892 ei
1486 848 1558 892 non
1577 826 1739 893 defutura
1754 839 1848 894 sunt.
1899 825 1971 895 Nec
1991 822 2081 895 mihi
2101 830 2169 897 dn·

143 913 402 1008 Episcoporum
424 916 462 984 in
479 913 629 984 Polonia
651 917 832 985 saevitiam
856 939 1019 1006 magnam
1046 939 1130 997 esse,
1183 917 1283 986 bium
1311 933 1381 1004 est,
1408 923 1512 993 deum
1536 940 1681 1016 propter
1704 925 1838 1018 aliquas
1858 927 1931 1015 pias
1952 929 2103 997 familias
2130 954 2168 998 ac

145 1041 201 1087 res
228 1017 395 1089 ostendit.
451 1012 649 1108 Episcopus
675 1010 886 1092 Culmcnsis
909 1019 964 1087 vir
990 1019 1132 1102 nobilis,
1184 1020 1802 1114 praesertimpiorumsacerdotum,
1835 1029 1895 1119 qui
1917 1029 2051 1121 alioqui
2077 1030 2169 1098 mnl·

144 1115 494 1189 scholaeCulmensis
508 1120 794 1189 constitutionem
808 1121 1003 1193 adiuverat.
1028 1118 1132 1189 Nunc
1184 1120 1228 1187 tis
1246 1124 1422 1192 aerumnis
1438 1127 1573 1195 onerati
1587 1141 1685 1213 sunt,
1712 1128 1841 1196 multas
1858 1153 1989 1219 poenas
2013 1131 2171 1220 publicas

66 1243 71 1252 ·
144 1221 283 1309 cogitur
309 1242 433 1288 rursus
459 1219 633 1290 dimittere
659 1221 737 1313 pios
768 1221 924 1291 lectores.
983 1219 1132 1312 Scripsit
1184 1220 1354 1309 mitigare.
1414 1222 1489 1293 Has
1522 1227 1661 1317 mitigat
1693 1229 1817 1300 ceteris
1851 1229 1974 1312 etiam,
2016 1232 2077 1323 qni
2115 1228 2171 1300 his

144 1323 250 1392 etiam
266 1322 405 1392 rabiose
423 1334 544 1390 contra
560 1337 696 1393 nostras
704 1319 1082 1415 EcclesiasEpiscopus
1092 1318 1132 1416 ²),
1184 1322 1418 1397 benefaciunt.
1457 1325 1555 1397 Bene
1568 1330 1647 1398 vale
1666 1330 1793 1414 lector,
1813 1354 1950 1398 memor
1964 1331 2048 1399 dicti
2064 1326 2170 1400 Chri-

146 1425 202 1493 cui
225 1447 355 1492 nomen
386 1436 438 1492 est
459 1421 615 1492 Hosius:
658 1425 717 1492 sed
746 1425 864 1495 verius
888 1448 1018 1494 nomen
1045 1436 1133 1492 esset
1183 1423 1245 1505 sti,
1281 1427 1375 1516 quod
1409 1449 1514 1514 supra
1540 1428 1656 1504 citavi.
1716 1427 1869 1500 Annua
1901 1433 2008 1499 natali
2036 1427 2172 1502 Christi

147 1516 305 1604 ἀνόσιος.
354 1524 525 1594 Defendit
541 1517 690 1617 Pigium
715 1526 944 1609 scribentem,
971 1527 1132 1594 sacerdo·
1188 1520 1313 1605 1555,
1339 1527 1397 1594 die
1421 1530 1483 1600 25.
1500 1527 1644 1612 Martii,
1668 1555 1738 1622 quo
1763 1531 1819 1598 die
1842 1545 1922 1599 ante
1943 1556 2056 1600 annos
2075 1528 2169 1604 1621

146 1639 197 1695 tes
220 1627 337 1694 minus
360 1650 502 1715 peccare
525 1627 675 1694 aliorum
702 1628 876 1713 coniugiis
910 1627 1132 1708 insidiantes,
1184 1625 1278 1693 lilius
1294 1626 1364 1695 Dei
1386 1627 1423 1695 in
1448 1652 1549 1696 cruce
1566 1631 1708 1700 victima
1723 1632 1836 1701 factus
1853 1645 1924 1714 est,
1950 1646 1984 1702 et
2005 1634 2172 1704 scribitur

145 1750 250 1820 quam
281 1728 442 1815 coniugia
473 1723 732 1799 contrahentes.
798 1726 913 1797 Tanta
937 1742 989 1797 est
1012 1727 1131 1816 impu·
1185 1751 1224 1794 eo
1247 1725 1304 1795 die
1329 1741 1412 1798 ante
1433 1752 1547 1800 annos
1568 1727 1672 1802 5517
1691 1731 1807 1803 Adam
1826 1745 1859 1802 et
1878 1730 2013 1803 llevam
2037 1749 2172 1806 creatos

146 1829 276 1897 dentia.
341 1827 490 1896 lndede
516 1828 810 1901 caeterisiudica.
862 1829 900 1899 Si
924 1831 966 1897 ad
994 1853 1049 1897 me
1072 1851 1131 1896 ve·
1186 1849 1272 1898 esse.

147 1931 239 1999 uerit
264 1927 454 1999 Polonicus
478 1930 701 2015 secretarius,
740 1930 844 1999 etiam
867 1944 1012 2021 propter
1035 1943 1131 1999 tuam

146 2032 486 2099 commendationem
505 2032 711 2100 familiarius
727 2054 807 2100 cum
822 2031 1003 2120 excipiam.
1044 2028 1131 2098 Heri

115 2144 120 2152 '
148 2156 285 2201 mecum
314 2133 379 2200 fuit
403 2132 568 2225 quidam,
603 2134 662 2224 qui
695 2145 788 2201 recta
810 2132 908 2200 venit
929 2157 970 2199 ex
995 2130 1132 2198 Gallias

148 2232 209 2325 qui
237 2233 411 2315 narravit,
446 2226 708 2302 alfurchioncm
733 2227 923 2301 Albcrtum
948 2255 1022 2301 non
1048 2254 1132 2321 pro-

148 2334 204 2403 cul
233 2360 250 2401 a
277 2332 420 2402 Lutecia
447 2335 566 2403 abesse
585 2330 631 2423 ³).
683 2333 781 2400 Bene
805 2333 927 2402 valete.
978 2331 1045 2402 Die
1070 2330 1133 2406 25.

150 2433 290 2513 Martii,
318 2436 417 2503 cuius
432 2436 502 2504 diei
517 2430 681 2504 historias
697 2455 836 2524 semper
857 2455 993 2502 summa
1016 2432 1134 2502 inten-

149 2537 244 2604 tione
267 2536 419 2622 cogitare
444 2538 630 2605 debemus:
672 2533 756 2626 quia
779 2558 820 2602 eo
843 2534 901 2602 die
926 2546 960 2603 et
982 2527 1002 2605 d
1026 2526 1134 2629 λόγος

149 2638 242 2706 lilius
261 2635 327 2707 Dei
349 2637 543 2727 adsumpsit
568 2631 757 2704 humanam
780 2648 961 2720 naturam,
993 2647 1029 2705 et
1054 2647 1134 2727 post

148 2762 242 2808 anno
263 2735 324 2812 54.
349 2738 441 2807 filius
457 2735 524 2807 Dei
550 2761 590 2805 eo
607 2736 664 2805 die
688 2736 726 2803 in
740 2736 997 2805 crucevietima
1022 2737 1134 2806 factus
1487 2717 1554 2805 10·
1588 2720 1886 2808 Wciulaubia.

150 2854 216 2910 est:
243 2864 347 2933 quem
362 2839 497 2911 utinam
514 2863 595 2908 vera
612 2836 830 2929 gratitudine
845 2838 1071 2911 celebremus.
1256 2889 1352 2944 Manlii
1365 2889 1464 2964 nme·
1478 2889 1595 2963 11.wa
1608 2909 1651 2964 sq.

1701 1978 1891 2074 Philippus
1906 1980 2121 2056 Melanthon

1788 2108 1897 2154 manu
1917 2089 2070 2180 propria.

1185 2503 1252 2578 No.
1267 2500 1383 2578 5758.
2006 2521 2066 2585 27.
2085 2514 2176 2582 stan.

1193 2617 1363 2647 Μ
1998 2622 2168 2652 m

653 2996 842 3096 Philippus
861 2996 1085 3074 Melanthm'
1187 3057 1403 3158 Magnifica
1424 3055 1663 3135 Cancellario
1688 3058 1822 3160 inclyti
1847 3061 2035 3156 Electoris
2057 3064 2177 3142 Mar·

1188 3160 1351 3249 chionis,
1363 3164 1577 3264 praestanti
1589 3164 1776 3264 sapientia
1791 3174 1823 3236 cl
1839 3167 1979 3252 virtuts,
1996 3167 2025 3240 I
2030 3195 2083 3241 ou
2093 3198 2117 3243 n
2127 3174 2179 3245 ni

1284 3263 1356 3341 W
1352 3265 1478 3339 cinla
1489 3265 1606 3340 sabio
1613 3319 1626 3355 ,
1650 3279 1813 3366 patrono
1825 3294 1894 3342 suo
1909 3266 2077 3360 colendo,

152 3384 215 3453 No.
231 3381 344 3456 5757.
973 3386 1034 3452 25.
1046 3380 1137 3445 Mart.

163 3479 331 3508 ...m
961 3471 1132 3500 m
1164 3423 1240 3512 ,8.
1268 3433 1310 3502 Ι).
1362 3429 1551 3519 Magnifice
1573 3429 1719 3499 domine
1741 3427 1979 3512 Cancellarie‚
2013 3447 2046 3504 et
2067 3438 2178 3508 amice

536 3578 577 3660 L
629 3587 648 3658 t
718 3579 726 3595 ·
1190 3535 1336 3606 colende
1360 3546 1394 3599 et
1414 3527 1630 3600 charissime.
1681 3528 1763 3596 Non
1787 3524 1855 3600 hoc
1880 3530 1968 3602 mihi
1992 3559 2112 3618 sumo,
2137 3554 2179 3611 ut

578 3603 627 3659 ec
649 3602 757 3660 um·
1190 3639 1229 3705 in
1253 3632 1389 3700 alienae
1411 3627 1644 3721 Reipublicae
1665 3630 1809 3717 negocia
1832 3655 1888 3701 me
1911 3635 2085 3724 ingeram:
2116 3643 2177 3709 sed

219 3734 309 3805 (Edita
326 3734 445 3806 primum
459 3752 473 3788 ²
488 3733 631 3800 K⁰²¹⁶r⁰r
649 3732 727 3805 episc
741 3733 769 3786 4·
781 3751 807 3806 P·
821 3733 880 3804 ³6·)
946 3727 953 3744 ’
1191 3751 1308 3806 tamen
1324 3733 1416 3824 apud
1436 3731 1551 3800 virum
1566 3730 1758 3823 sapientem
1774 3744 1809 3802 et
1824 3733 1996 3819 amicum,
2015 3739 2179 3828 precibus

1192 3841 1309 3907 locum
1333 3855 1405 3902 esse
1431 3830 1604 3906 existimo.
1654 3827 1733 3901 Oro
1756 3826 1875 3926 itaque
1893 3848 1931 3904 ut
1945 3833 1989 3906 N.
2003 3835 2046 3911 N.
2061 3827 2178 3910 Chri-

1191 3928 1404 4034 slaplrorum
1426 3926 1606 4020 Lasiam,
1631 3947 1807 4024 pastorem
1829 3930 2006 4006 Ecclesiae
2030 3939 2068 4007 in
2091 3944 2180 4013 urhe

152 4029 199 4112 S.
228 4037 272 4111 D.
322 4037 413 4108 Nota
433 4050 566 4107 estvox
582 4036 646 4104 lilii
664 4034 748 4107 Dei:
774 4033 911 4136 siquis
928 4029 1065 4104 dederit
1087 4032 1144 4107 acl
1192 4033 1366 4136 Sponda,
1398 4035 1637 4109 illustrissimo
1661 4034 1819 4125 Principi
1840 4042 2107 4111 commendetis:
2144 4056 2178 4114 et

151 4150 274 4238 potum
303 4162 423 4235 aquae
444 4136 512 4207 uni
529 4159 576 4206 ca
597 4136 762 4208 minimis
786 4163 966 4224 meorum,
995 4146 1143 4234 propter
1192 4153 1394 4212 reverenter
1415 4139 1559 4230 petatis,
1584 4152 1624 4208 ut
1643 4137 1838 4207 retineatur
1856 4137 1894 4207 in
1912 4139 1987 4208 eius
2001 4137 2178 4214 Ecclesiae

153 4239 378 4324 doctrinam,
422 4232 572 4308 habebit
613 4235 818 4310 mercedem.
876 4238 1142 4311 Bcnefaciamus
1192 4241 1459 4334 gubernatione.
1518 4238 1606 4308 Nam
1638 4237 1784 4307 exilium
1815 4238 1889 4307 seni
1920 4264 1999 4310 cum
2034 4243 2179 4330 familie,

154 4346 260 4435 igitur
286 4343 352 4433 piis
379 4341 550 4430 evangelii
576 4342 746 4413 ministris
775 4355 957 4412 eteorum
987 4342 1142 4411 familiis.
1194 4369 1301 4438 quam
1323 4343 1368 4412 sit
1389 4364 1656 4422 aerumnosum,
1687 4362 1761 4407 non
1793 4340 1984 4411 obscurum
2009 4358 2071 4416 est.
2128 4342 2180 4417 Et

154 4445 220 4516 Est
248 4457 365 4514 autem
392 4441 471 4533 pius
501 4455 619 4532 pastor
639 4439 818 4511 Ecclesiae
840 4442 878 4509 in
900 4436 1006 4511 Buca
1035 4467 1144 4534 prope
1194 4446 1346 4515 fideliter
1359 4444 1521 4512 docuisse
1535 4465 1616 4512 eum
1631 4439 1739 4514 scitis.
1784 4436 1888 4511 Certe
1901 4445 1946 4511 de
1964 4445 2180 4532 gravissimis

155 4544 361 4636 Herzbcrg,
388 4538 761 4636 quihabetsexlilios.
811 4539 952 4610 Horum
969 4566 1063 4613 unus
1084 4537 1144 4613 hic
1198 4547 1355 4636 partibus
1377 4545 1465 4613 adeo
1487 4544 1607 4613 dextre
1631 4541 1789 4632 scripsit,
1815 4555 1854 4612 ut
1876 4565 2012 4636 sperem
2034 4547 2179 4617 eiusla-

157 4637 401 4718 Christianus
417 4639 607 4734 Hertcaig,
633 4642 755 4712 docuit
769 4637 1002 4733 Evangelium
1021 4645 1059 4713 in
1074 4640 1144 4716 Ec·
1197 4649 1299 4717 bores
1316 4647 1419 4716 etiam
1435 4643 1584 4737 posteris
1596 4643 1801 4735 profuturos
1817 4667 1901 4718 esse.
1949 4643 1997 4717 Et
2021 4648 2093 4717 vita
2114 4644 2180 4721 ho·

156 4752 259 4821 clesia
276 4750 428 4841 quadam
447 4738 640 4815 Marchiae.
693 4738 741 4813 Et
762 4743 999 4815 ordinationis
1025 4746 1146 4839 publi·
1196 4763 1294 4818 nesta
1321 4761 1389 4828 est,
1414 4747 1552 4817 etiamsi
1573 4758 1737 4816 naturam
1761 4744 1887 4814 vellem
1904 4746 2021 4815 minus
2038 4749 2180 4820 iracun-

157 4848 476 4922 caetestimonium
494 4841 610 4916 habet.
662 4839 756 4912 Mihi
774 4871 914 4939 quoque
931 4847 1145 4921 laudatmo-
1197 4853 1278 4919 dam
1302 4872 1389 4920 esse:
1417 4850 1477 4919 sed
1496 4848 1592 4919 scitis
1615 4847 1654 4919 in
1675 4845 1818 4938 optimis
1832 4847 1968 4916 naturis
1982 4842 2181 4937 hominum,

1197 4965 1316 5022 tamen
1339 4953 1469 5022 multos
1491 4950 1635 5021 morbos
1658 4942 1824 5028 haerere,
1858 4960 1898 5015 ut
1919 4947 2092 5020 fateamur
2116 4976 2182 5025 nos

340 3881 524 3959 Omnibus
552 3884 698 3957 lecturis
724 3880 798 3958 has
824 3883 954 3959 literas

159 5036 378 5055 *ιι-ομ

1198 5076 1272 5122 esse
1290 5076 1438 5125 massam
1455 5052 1602 5143 peccati:
1629 5048 1724 5119 etita
1742 5047 1858 5116 salvos
1873 5047 1968 5133 fieri,
1990 5052 2073 5144 quia
2089 5074 2183 5123 mss-

195 5154 217 5213 1)
238 5147 299 5200 vtu.
316 5164 358 5215 ep.
377 5145 403 5199 d.
416 5142 461 5196 at.
477 5142 530 5194 tan.
548 5139 623 5195 ¹⁵⁵5·
1200 5174 1256 5221 sae
1273 5153 1337 5220 lilii
1352 5151 1419 5221 Dei
1435 5151 1640 5221 inserimur.
1691 5143 1872 5232 Obsecro,
1898 5163 1938 5221 ut
1961 5150 2101 5222 furiatis
2115 5149 2184 5226 hoc

192 5232 220 5301 2)
239 5231 390 5287 Stanislaru
406 5225 524 5294 Hosius,
542 5224 692 5293 Episcopus
706 5219 864 5318 provinciae
878 5218 1078 5276 Wsrmeland.
1200 5253 1385 5340 negocium
1457 5247 1554 5321 Bene
1577 5250 1700 5320 valete·
1757 5245 1825 5318 Die
1851 5250 1901 5320 27
1935 5250 2059 5322 Martii
2138 5278 2161 5324 u

190 5317 218 5385 5)
240 5318 367 5371 eilbertus
390 5321 500 5384 accepta
519 5309 595 5366 clade
618 5309 650 5361 sd
672 5307 807 5380 oppidum
828 5305 1032 5375 schweinfurt,
1056 5327 1150 5366 mense
1389 5305 1398 5325 ⁰
1903 5303 1912 5323 ·
2068 5305 2079 5335 s
2112 5280 2136 5349 q
2162 5281 2184 5326 0

229 5385 399 5454 tumissa,
418 5377 731 5456 percunctandum
747 5374 873 5433 Gattiam.
1172 5424 1177 5440 ,
1201 5367 1281 5423 ante
1306 5375 1417 5424 annos
1446 5344 1542 5427 1621
1570 5351 1665 5423 filius
1684 5348 1752 5421 Dei
1774 5374 1814 5419 ex
1837 5365 1950 5423 morte
1975 5350 2122 5441 revixit,
2153 5371 2190 5429 et

162 5465 340 5527 llrcasrn.
358 5466 463 5528 Orsa.
482 5459 561 5521 Vos..
578 5449 677 5520 Vlll.
1759 5453 1810 5527 29
