4776 6024
165 254 240 336 sor
730 242 1165 331 errsronan'ou
1214 249 1440 332 maxia
1495 250 1647 329 rosa
2124 251 2220 332 552.

171 427 332 502 lohanne
348 428 474 516 scripta
490 439 554 495 est:
583 419 687 492 Deos
705 418 849 495 dilectio
866 437 927 506 est,
950 436 981 496 et
997 427 1064 526 ptri
1077 453 1160 495 mo·
1211 424 1316 514 bigua
1334 449 1406 493 non
1421 426 1622 495 damnanda
1638 449 1724 510 esse,
1750 426 1808 494 sed
1827 427 2013 494 candidius
2028 448 2112 511 esse,
2139 427 2204 496 lla-

172 531 286 602 netin
308 525 515 607 dilectione,
541 527 580 596 in
598 524 680 595 Deo
708 538 849 614 monet,
874 527 1027 600 etDeos
1053 530 1160 603 ineo.
1211 527 1321 616 gitare
1338 528 1622 616 explicationem,
1650 552 1757 618 pauca
1772 529 2078 618 respondebimus.
2129 528 2205 600 Nec

172 632 275 704 Hanc
301 630 552 721 amplissimam
581 629 847 721 promissionem
872 634 1092 701 conferamus
1115 633 1159 700 ad
1211 629 1281 696 iam
1313 629 1449 718 prolixe
1474 643 1671 720 repetemus
1696 629 1926 699 iustissimam
1951 631 2139 721 querelam·
2156 635 2203 703 de

116 719 120 724 ⁵
171 736 259 805 illud
282 734 414 802 dictum
438 730 656 803 Salomonis:
693 725 933 799 Abominatio
959 743 1009 800 est
1037 757 1160 802 coram
1211 729 1424 819 negligentia
1443 732 1602 799 omnium
1619 747 1817 821 temporum
1835 731 1871 798 in
1890 731 2083 824 loquendo.

171 833 276 920 Deo,
307 831 375 931 ptri
399 830 646 931 intersrotres
663 827 859 900 dissidium
877 833 1022 901 excitat.
1314 828 1389 900 Etsi
1419 832 1536 923 plores
1554 857 1693 902 caussae
1708 849 1791 916 sunt
1808 856 1969 901 errorum
1986 848 2020 902 et
2035 835 2203 904 dolorum

276 935 440 1005 Manebis
460 935 498 1002 in
514 933 607 1019 Deo,
632 948 667 1005 et
683 934 778 1003 [teus
797 936 863 1004 erit
878 937 914 1002 io
931 952 1070 1026 pectore
1088 949 1161 1021 tuo,
1213 931 1250 999 in
1269 928 1443 1017 Ecclesia,
1469 949 1584 1004 tamen
1608 931 1693 1004 haec
1714 958 1788 1001 non
1815 951 1988 1023 postrema
2009 950 2078 1016 cst,
2105 942 2205 1029 quod

173 1038 404 1130 gubernabit,
426 1036 620 1118 custodiet,
646 1053 679 1104 et
702 1037 860 1105 servabit
875 1054 925 1117 te,
952 1039 979 1105 si
1000 1039 1067 1129 piis
1082 1039 1161 1106 olfi-
1213 1034 1358 1124 plurimi
1379 1036 1554 1104 Doctores
1579 1051 1612 1105 et
1638 1037 1825 1127 scriptores
1843 1037 1879 1103 in
1894 1038 2109 1128 quibusdam
2126 1064 2206 1109 ma-

174 1142 236 1211 ciis
251 1161 473 1209 communem
492 1138 778 1206 coniunctionem
797 1139 963 1209 turberis.
1016 1138 1162 1210 Deserat
1212 1135 1310 1204 teriis
1326 1159 1523 1205 sermonem
1540 1138 1701 1207 divinum
1720 1162 1793 1205 non
1809 1138 2081 1224 intellexerunt,
2107 1155 2142 1210 et
2159 1143 2204 1212 de

173 1256 289 1312 autem
313 1257 364 1324 te,
391 1253 425 1309 et
447 1235 670 1313 horribiliter
693 1241 834 1331 puniet,
860 1240 889 1308 si
908 1242 985 1309 sine
1001 1265 1160 1310 necessa·
1213 1231 1270 1304 his
1291 1252 1409 1328 postea
1433 1238 1627 1330 improprie
1652 1240 1761 1309 locuti
1785 1253 1880 1312 suot.
1941 1239 2032 1310 Cum
2056 1243 2203 1331 igitura

172 1345 236 1413 riis
249 1342 377 1412 caussis
391 1341 702 1417 eamdilacerabis,
730 1341 821 1410 sicut
835 1354 868 1410 et
881 1340 1012 1410 Paulos
1027 1343 1160 1435 inquit:
1211 1338 1372 1408 loratibus
1393 1338 1648 1426 discessissent,
1682 1355 1717 1411 et
1734 1337 1923 1424 Doctores,
1955 1357 1989 1413 et
2011 1344 2204 1430 auditores,

172 1441 252 1540 Qui
273 1441 465 1512 conturbat
490 1465 570 1528 eos,
611 1436 786 1511 iodicium
804 1440 968 1539 portabit
991 1442 1161 1543 quisquis
1214 1440 1340 1529 partim
1356 1465 1397 1510 ex
1412 1441 1547 1510 ratione
1563 1437 1747 1526 bumana,
1763 1443 1891 1533 partim
1907 1467 1948 1512 ex
1963 1469 2063 1515 caeca
2078 1470 2204 1538 super·

173 1555 236 1616 est.
771 1566 774 1575 ’
1212 1542 1376 1622 stitione,
1408 1543 1515 1611 falsae
1537 1544 1723 1634 opiniones
1745 1558 1848 1614 natae
1869 1561 1970 1625 sunt,
2007 1562 2040 1618 et
2063 1562 2201 1640 recepta

274 1645 358 1716 Dixi
374 1647 418 1715 de
435 1641 503 1726 his,
529 1644 590 1737 qui
606 1645 813 1725 ambitione,
839 1659 901 1716 aut
918 1646 1009 1714 odiis
1025 1647 1160 1716 incitati
1212 1667 1252 1712 ac
1275 1645 1428 1712 stabilita
1446 1640 1632 1714 horribilia
1650 1647 1755 1718 idola.

172 1749 445 1823 tumultuantur.
492 1746 653 1816 'l'ertium
670 1768 781 1835 genos
797 1760 846 1816 est
860 1749 978 1817 minus
992 1750 1161 1834 sanabile,
1314 1742 1477 1833 Quantae
1498 1749 1663 1818 tenebrae
1685 1750 1829 1817 luerunt
1845 1748 1890 1815 de
1905 1746 2131 1818 distinctione
2147 1752 2200 1820 le·

171 1851 224 1920 illi
243 1850 423 1929 videlieet,
450 1847 511 1942 qui
527 1873 600 1916 nou
616 1852 661 1916 de
677 1871 784 1936 reguo
802 1849 968 1945 dimicare
985 1852 1161 1935 videntur,
1212 1845 1264 1935 gis
1293 1860 1327 1915 et
1350 1843 1553 1935 Evangelii,
1593 1850 1727 1941 politici
1759 1849 1917 1939 imperii,
1952 1864 1985 1918 et
2009 1847 2197 1938 Ecclesiae,

171 1966 232 2023 aut
253 1952 377 2022 dolore
399 1950 519 2043 aliquo
540 1949 675 2018 incensi
698 1963 798 2034 sunt,
831 1950 890 2017 sed
915 1964 1033 2021 tamen
1058 1968 1159 2041 petu.
1211 1949 1456 2037 promissionis
1486 1951 1637 2038 gratiae,
1676 1966 1710 2021 et
1733 1951 2006 2042 promissionum
2031 1977 2198 2044 corpora-

170 2055 280 2124 lantia
305 2052 552 2141 ingeniorum,
584 2065 644 2121 aut
669 2064 816 2120 naturae
837 2052 1065 2145 perversitate
1084 2078 1159 2123 cer·
1211 2049 1326 2119 lium?
1376 2049 1542 2121 Mutilata
1558 2054 1765 2141 significatio
1781 2054 1937 2122 nominis
1952 2055 2094 2142 peccati,
2120 2080 2212 2125 cor-¹

171 2157 303 2227 tamina
316 2169 470 2226 movent.

274 2256 380 2325 Tales
402 2256 507 2323 luisse
532 2277 653 2323 recens
670 2252 873 2339 Servetum,
909 2253 1158 2326 Sebastianum

169 2357 368 2437 Francum,
399 2356 604 2448 scriptorem
623 2354 907 2441 Paradoxorum‚
934 2356 1158 2428 Lautersval-

170 2464 255 2528 du'm
272 2458 444 2531 existimo.
496 2453 543 2526 Et
555 2458 661 2525 talem
677 2453 793 2526 adhuc
811 2482 883 2526 esse
901 2454 1157 2531 Thammerum

169 2559 379 2650 Mogontiae
406 2558 542 2643 iudico,
584 2558 646 2651 qni
671 2555 855 2648 Evangelii
884 2563 1081 2632 doctrinam
1113 2565 1157 2633 de

168 2663 242 2734 lilio
260 2661 328 2732 Dei
346 2663 384 2730 in
404 2656 575 2749 Etbnicas
595 2660 781 2749 allegorias
804 2664 1052 2742 transformat,
1076 2688 1156 2754 per-

168 2765 253 2834 inde
276 2789 316 2834 ae
337 2763 368 2832 si
389 2761 586 2833 Hesiodum
611 2763 913 2854 interpretaretur.
976 2762 1157 2835 Adversus

167 2868 255 2938 tales
278 2867 430 2950 furores,
463 2865 523 2956 qui
544 2864 727 2934 manifeste
748 2878 832 2936 sunt
856 2866 1042 2952 diabolici,
1067 2861 1157 2938 'mu-

168 2969 308 3036 niamus
332 2989 414 3046 nos,
450 2980 481 3034 et
504 2967 655 3035 lectione
678 2967 884 3036 divinorum
904 2967 1097 3054 librorum,
1124 2984 1154 3038 et

168 3068 307 3138 ardenti
338 3066 556 3157 precatione,
599 3081 633 3137 et
658 3067 809 3136 sciamus
830 3064 1005 3138 humanae
1026 3071 1154 3140 rationi

167 3171 429 3239 anteferendam
448 3192 520 3237 esse
537 3193 656 3236 vocem
676 3168 852 3254 divinam,
876 3169 967 3240 sicut
983 3171 1082 3240 iubet
1097 3196 1155 3241 ae·

167 3286 289 3342 ternus
307 3284 423 3362 pater:
460 3266 535 3339 Hic
556 3278 607 3339 est
618 3263 734 3360 filios
748 3293 848 3340 meos
862 3265 1034 3358 dilectos,
1058 3266 1156 3343 boor

161 3364 304 3446 ‘audita
355 3369 404 3443 Et
420 3370 551 3441 Paulus
574 3373 650 3440 vult
674 3386 809 3442 mentes
827 3371 1020 3463 Evangelio
1045 3376 1155 3466 capti-

166 3499 228 3545 vas
243 3473 318 3543 lieri
328 3529 338 3559 ,
365 3475 414 3544 sic
430 3486 470 3544 ut
486 3475 653 3543 obediant
667 3468 822 3547 Christo.
873 3472 955 3544 Non
973 3477 1082 3565 igitur
1096 3479 1152 3547 lu·

79 3639 81 3644 .
165 3579 252 3647 dant
274 3577 417 3665 ingenia
439 3575 613 3665 fingendis
629 3575 881 3666 opinionibus,
907 3591 942 3647 et
959 3579 1006 3669 pii
1025 3580 1152 3667 guber-

164 3695 306 3749 natores
331 3682 499 3748 adversus
524 3679 621 3749 illam
644 3676 876 3768 Gigantaeam
898 3682 1083 3750 audaciam
1098 3705 1152 3751 se-

165 3780 310 3851 veritate
324 3794 482 3852 utantur.

267 3881 320 3952 De
344 3878 400 3952 his
422 3881 583 3950 maximis
606 3883 712 3952 rebus
733 3884 845 3954 multo
863 3885 963 3973 plura
980 3884 1050 3953 dici
1069 3909 1147 3976 pos-

58 4059 59 4063 ,
163 3998 261 4070 seut,
287 3988 345 4054 sed
373 3980 458 4054 baec
481 3983 640 4076 quotidie
662 3985 711 4075 pii
729 3986 1038 4073 omnescogitant,
1063 4012 1149 4078 qua-

163 4086 215 4156 les
229 4110 290 4155 vos
306 4110 428 4155 omnes
444 4109 535 4166 esse,
561 4086 622 4178 qui
640 4081 709 4155 boc
726 4087 952 4173 convenistis,
978 4089 1149 4162 existimo.

163 4185 249 4258 Ideo
282 4210 403 4256 sumus
431 4189 586 4258 contenti
610 4182 674 4256 hac
698 4189 798 4256 brevi
820 4189 1082 4270 admonitione,
1116 4206 1147 4261 et

161 4290 275 4361 lilium
298 4286 381 4373 Dei,
413 4285 608 4358 Dominum
629 4304 788 4360 nostrum
816 4289 929 4359 lesum
954 4286 1148 4373 Christum,

162 4385 275 4491 λόγον
291 4386 356 4463 καὶ
369 4384 493 4461 εἰκόνα
510 4387 634 4463 d‘l'dcoo
648 4387 773 4463 ἀϊδίου
789 4387 939 4485 πατρὸς,
967 4397 1145 4464 custodem

160 4489 339 4564 Ecclesiae
368 4516 473 4582 suae,
508 4518 648 4562 oramus
671 4509 710 4562 ut
734 4519 798 4563 nos
821 4520 944 4564 omnes
963 4498 1085 4566 doceat
1108 4523 1146 4566 ac

160 4596 351 4686 gubernet,
387 4608 423 4666 et
443 4594 603 4663 omnium
629 4609 765 4684 pectora
782 4594 918 4686 Spiritu
940 4623 1004 4668 suo
1027 4614 1147 4670 sancto

157 4699 202 4769 ad
219 4722 336 4768 veram
351 4696 417 4769 Dei
432 4697 705 4776 invocationem,
732 4703 822 4768 etad
838 4700 1062 4770 retinendam
1081 4726 1147 4791 pu·

157 4801 287 4872 blicam
304 4801 531 4871 concordiam
549 4800 675 4870 flectat.

1211 2164 1314 2241 rupta
1332 2153 1474 2240 gratiae,
1499 2153 1594 2237 fidei,
1620 2155 1889 2238 iustificationis,
1915 2156 2086 2234 sacrificii,
2115 2182 2200 2248 poe-

1210 2252 1399 2337 nitentiae,
1425 2255 1527 2322 valde
1550 2257 1732 2333 obscurata
1748 2262 1817 2328 τοῦ
1832 2250 1956 2354 λόγου.
2010 2256 2081 2327 Sed
2099 2260 2200 2329 vobis

1211 2355 1368 2446 exempla
1386 2379 1459 2423 non
1478 2371 1560 2426 sunt
1577 2359 1707 2447 ignota.

1313 2452 1470 2528 lustituit
1488 2473 1603 2527 autem
1624 2461 1697 2551 ipse
1715 2452 1824 2558 λόγος
1844 2461 1938 2531 filius
1952 2459 2019 2532 Dei
2038 2461 2198 2532 ministe-

1209 2558 1302 2626 rium
1335 2559 1505 2644 docendi,
1539 2584 1610 2628 non
1645 2575 1685 2630 ut
1712 2562 1881 2631 Doctores
1914 2588 2005 2633 nova
2034 2567 2211 2653 dogmata

1209 2659 1374 2749 gignant,
1399 2662 1458 2730 sed
1478 2676 1516 2732 ut
1532 2662 1604 2732 sint
1620 2664 1786 2754 discipuli
1802 2662 1885 2746 Dei,
1913 2680 1947 2736 et
1961 2670 2123 2735 custodes
2141 2668 2197 2735 di-

1209 2762 1284 2829 vini
1306 2762 1496 2847 sermonis,
1532 2778 1564 2833 et
1587 2788 1666 2832 eom
1692 2766 1870 2856 perferant
1884 2771 1928 2835 ad
1946 2769 2116 2859 populum
2134 2793 2198 2839 reu

1209 2863 1331 2950 legati,
1358 2864 1486 2954 quilius
1501 2871 1666 2936 mandata
1681 2856 1813 2937 dantur
1828 2870 2050 2959 praescriptis
2066 2872 2196 2954 verbis,
2211 2892 2214 2897 ·

1207 2978 1247 3034 ut
1264 2963 1395 3033 Paulus
1412 2966 1539 3058 iuquit,
1563 2961 1656 3062 ὑπὲρ
1677 2964 2108 3064 χριοτοῦπρεσβεύυ,ιιεν.
2143 2970 2211 3041 Hi-

1208 3089 1287 3135 cum
1317 3068 1449 3157 populo
1480 3070 1585 3137 verba
1608 3071 1778 3140 sermonis
1804 3070 1918 3139 divini
1942 3088 2127 3158 enarrant,
2161 3089 2195 3143 et

1208 3167 1334 3237 ordine
1359 3170 1533 3254 membra,
1565 3183 1607 3240 ut
1627 3172 1666 3241 lit
1690 3173 1728 3241 in
1752 3174 1933 3254 docendo,
1964 3177 2196 3261 distribuunt,

1208 3270 1351 3338 videant
1378 3284 1416 3340 ot
1438 3285 1608 3361 congruat
1630 3274 1745 3343 oratio
1769 3300 1848 3344 cum
1874 3275 1994 3346 divina
2018 3278 2194 3361 doctrina,

1206 3394 1271 3440 nec
1294 3372 1390 3441 aliud
1412 3395 1490 3462 pes,
1518 3373 1616 3471 aliud
1631 3371 1776 3469 cythara
1788 3391 1911 3465 sonet,
1938 3389 1977 3446 ut
1993 3379 2077 3446 olim
2094 3378 2190 3446 dire-

1205 3472 1321 3541 batur.
1373 3472 1471 3562 Quid
1491 3475 1674 3566 indignius
1689 3491 1755 3562 est,
1782 3503 1887 3571 quam
1903 3491 1992 3548 stare
2005 3481 2188 3549 docentem

1205 3573 1242 3641 in
1258 3576 1339 3643 sede
1353 3574 1417 3643 lilii
1434 3576 1519 3660 Dei,
1545 3592 1577 3646 et
1592 3580 1768 3648 contraria
1783 3580 1959 3650 mandetis
1972 3580 2104 3665 dicere,
2130 3596 2193 3650 aut

1204 3677 1302 3746 velut
1319 3676 1472 3745 Mimum
1496 3678 1533 3746 in
1558 3702 1660 3749 scena
1686 3680 1808 3750 ludere
1835 3683 2025 3753 verborum
2043 3682 2190 3767 deliciis,

1203 3801 1243 3846 ac
1259 3778 1400 3868 plausus
1415 3780 1654 3850 multitudinis
1670 3782 1832 3872 captare?
1883 3781 1936 3853 Sit
1954 3783 2063 3872 igitur
2077 3785 2191 3854 oratio

1203 3881 1362 3948 docentis
1397 3905 1593 3968 congruens
1618 3885 1762 3952 divinae
1786 3885 1881 3966 voci,
1919 3887 2080 3975 propria,
2111 3911 2191 3976 per-

1202 3981 1341 4072 spicua,
1365 3983 1440 4050 siue
1459 3986 1704 4074 ambiguitate,
1732 3988 1947 4071 verecunda,
1975 3989 2079 4078 plena
2099 3988 2191 4057 veris

1202 4082 1399 4155 doloribus.

1302 4180 1380 4254 Sed
1400 4182 1576 4255 obiiciunt
1599 4185 1680 4273 illi,
1707 4213 1774 4256 nos
1788 4186 1891 4284 serre
1910 4185 2190 4287 legesimpossr'-

1200 4283 1309 4368 biles,
1343 4285 1432 4384 poio
1455 4312 1558 4357 nenio
1579 4289 1628 4357 sit
1653 4301 1728 4359 tom
1753 4285 1930 4370 disertos,
1959 4301 1997 4359 ot
2022 4317 2093 4360 non
2114 4291 2191 4360 oli-

1199 4385 1351 4488 qoondo
1375 4388 1546 4484 onrbigoe
1570 4389 1754 4489 loqoolor.
1814 4387 2094 4486 l'y‘ronnidenm
2130 4393 2189 4461 in-

1198 4490 1343 4589 qoiont,
1371 4489 1408 4559 in
1421 4487 1677 4562 Grammatico
1692 4492 1872 4577 exercetis,
1889 4495 1927 4563 si
1939 4493 2050 4564 collis
2066 4517 2190 4566 omnes

1200 4593 1326 4662 vestris
1345 4593 1460 4663 verbis
1475 4604 1507 4664 et
1520 4593 1683 4691 syllabis
1702 4596 1766 4664 oti.
1820 4597 1874 4666 Ad
1895 4593 1979 4667 baec
1995 4600 2189 4687 responde-

1198 4719 1294 4779 mus,
1321 4697 1395 4764 eius
1411 4699 1614 4787 diligentiae
1629 4700 1773 4767 modum
1793 4701 1969 4792 quendam
1986 4724 2070 4768 esse.
2107 4699 2187 4768 Pri-

1198 4820 1313 4878 mrim,
1345 4813 1463 4886 aperte
1486 4801 1588 4880 falsa,
1623 4802 1684 4869 ubi
1706 4816 1860 4881 coristat,
1895 4827 1966 4870 uun
1991 4804 2035 4869 de
2057 4800 2184 4881 verbis,

260 4900 474 4996 Quanquam
511 4917 626 4973 autern
662 4926 841 4994 speramus
873 4902 975 4971 vobis
1008 4901 1145 4991 placere
1197 4901 1256 4966 sed
1272 4901 1315 4967 de
1331 4902 1707 4971 relmsdissensioucm
1726 4927 1815 4987 esse,
1843 4904 1952 4972 vitare
1968 4926 2103 4971 necesse
2121 4915 2183 4983 est,

154 4999 224 5076 hoc
246 5020 407 5076 nostrum
430 5006 637 5088 consilium,
665 5007 759 5097 quod
782 5005 1040 5094 propositiones
1054 5004 1144 5090 illas,
1196 5011 1243 5094 ut·
1262 5001 1297 5068 iu
1328 4998 1384 5069 his
1410 5006 1658 5073 controversiis
1683 5005 1769 5074 falsa
1795 5021 1828 5074 et
1850 5021 2043 5073 monstrosa
2067 5003 2181 5071 oridia

154 5132 242 5202 quas
267 5108 477 5183 taxavimus,
508 5133 581 5176 uon
597 5109 762 5176 volumus
780 5107 816 5173 in
835 5105 1067 5175 concionibus
1082 5110 1142 5174 de-
1194 5116 1266 5186 est,
1301 5129 1380 5173 curn
1407 5106 1553 5175 dicitur:
1587 5099 1780 5176 Christum
1801 5131 1865 5200 per
1888 5101 2052 5175 occidens
2073 5104 2184 5172 tosti-

96 5220 100 5226 “
152 5209 269 5295 leudi,
292 5223 353 5280 aut
368 5210 499 5280 fucosis
516 5209 869 5298 interpretationibus
884 5210 1054 5291 excusari,
1080 5213 1139 5279 sed
1166 5266 1168 5278 ,
1181 5198 1312 5297 ficere.
1373 5204 1491 5294 Quam
1519 5209 1692 5277 insulsum
1717 5224 1786 5289 est,
1818 5212 1913 5302 qood
1939 5207 2184 5276 definitionem

111 5294 131 5348 .'
151 5312 284 5382 omitti:
316 5327 435 5385 tamen
452 5313 534 5408 quia
549 5311 733 5394 audimus,
760 5310 970 5405 quibusdam
989 5306 1138 5380 horno-
1164 5280 1168 5357 l
1192 5308 1336 5400 quidam
1359 5311 1520 5379 tradidit:
1558 5309 1692 5380 lustitia
1717 5312 1889 5398 signiticat
1913 5307 2111 5396 &turbium
2144 5325 2185 5379 nt

149 5424 261 5484 stmm
284 5416 472 5486 consilium
496 5412 609 5483 videri
633 5413 778 5500 durius,
807 5414 869 5511 qui
890 5413 1034 5500 dicunt,
1050 5436 1140 5482 am·
1162 5379 1168 5488 l
1190 5410 1362 5496 dicimus,
1397 5410 1452 5480 vir
1473 5411 1609 5498 iustus,
1640 5425 1695 5483 est
1720 5413 1774 5482 vir
1799 5415 1935 5500 bonus,
1968 5437 2120 5508 aequus,
2149 5428 2184 5484 et

853 5530 868 5557 'u
2049 5552 2051 5556 .
