4776 6024
107 350 185 426 373

976 615 1109 659 Q

460 681 523 797 θ.
540 713 773 800 Knutetio.

181 872 337 1016 Eii‘holib'
355 871 403 926 v1.
423 891 450 943 p·
465 870 526 927 800.
562 872 614 928 llic
632 891 662 928 ex
680 871 848 946 autographo
869 869 899 927 in
914 871 975 930 cod.
989 872 1070 928 Mon.
1085 872 1108 930 1.

112 1094 339 1185 Clarissimo
363 1096 440 1168 viro
465 1138 517 1151 —
543 1094 659 1173 Dom.
683 1092 944 1169 Guilielmo
968 1093 1105 1167 Knu-

112 1202 250 1290 telio,
281 1198 486 1272 Secretario
510 1196 645 1295 inclyti
667 1195 855 1293 Principis
871 1195 1104 1272 Nassaeien-

350 1327 424 1388 scs,
451 1326 570 1371 amieo
584 1326 651 1371 sno
670 1325 862 1373 cnrcssnnc

112 1443 161 1531 S.
183 1451 230 1525 D.
281 1451 536 1522 Honestissima
559 1453 624 1520 vir.
680 1450 768 1522 Sum
791 1467 909 1543 pater,
941 1466 977 1522 et
1000 1475 1102 1544 saepe

83 1625 86 1629 ,
111 1583 186 1629 non
211 1555 325 1624 solum
351 1555 394 1621 de
411 1567 556 1643 paterna
574 1558 730 1649 στοργῇ,
757 1557 818 1624 sed
837 1555 942 1624 etiam
958 1555 1003 1623 de
1018 1578 1102 1624 cau-

112 1661 176 1738 sis,
203 1658 248 1726 de
263 1655 447 1724 voluntate
463 1650 548 1738 Dei,
574 1655 618 1722 ‹le
635 1650 810 1739 Ecclesia,
837 1658 881 1724 de
896 1655 1100 1747 posteritate

112 1757 279 1852 cogitari,
312 1771 346 1826 et
369 1780 432 1825 oro
454 1756 565 1824 filium
587 1753 674 1839 Dei,
715 1757 776 1848 qui
801 1757 880 1825 ideo
904 1756 1100 1846 adsumpsit

112 1861 305 1934 humanam
322 1870 496 1940 naturam,
522 1870 562 1926 ut
576 1881 641 1926 uos
659 1870 826 1951 tanquam
842 1858 1002 1927 surculos
1016 1881 1098 1927 suae

111 1984 244 2033 massae
268 1959 420 2027 insertos
444 1970 577 2041 servet,
608 1958 772 2052 quicum
796 1960 880 2029 velit
901 1982 1011 2048 genus
1029 1952 1097 2027 hu-

111 2086 256 2135 manum
274 2059 435 2130 doctrina
448 2059 596 2139 instrui,
621 2085 683 2128 oro
700 2084 781 2130 eum
799 2061 914 2149 etiam,
940 2074 980 2129 ut
995 2059 1096 2129 labo-

110 2189 165 2237 res
178 2177 319 2234 nostros
333 2162 506 2251 gubernet
521 2175 553 2231 et
566 2160 721 2245 adiuvet,
744 2175 778 2231 et
793 2185 930 2252 sempor
942 2161 1096 2254 aliquam

108 2264 303 2339 Ecclesiam
324 2263 418 2332 inter
441 2286 507 2332 nos
521 2262 662 2351 colligat
679 2276 713 2332 et
730 2286 806 2332 eam
824 2274 926 2331 ornet
941 2284 1002 2330 sua
1017 2261 1096 2330 luce

109 2384 145 2441 et
167 2367 239 2439 suis
256 2364 445 2438 beneficiis.
498 2361 540 2431 lu
561 2387 603 2432 eo
621 2387 768 2432 numero
786 2376 826 2432 ut
843 2363 888 2432 sit
905 2375 938 2432 et
955 2374 1015 2431 tua
1031 2386 1095 2452 po-

695 336 1130 423 EPlSTOLARUM
1183 343 1397 424 Ltuxlt.
1452 342 1580 428 1664.

965 519 1112 591 19.Nov.

2070 363 2158 435 'stt

1166 509 1233 586 lor.
1285 509 1333 586 Et
1356 539 1459 608 spero
1475 542 1537 588 vos
1551 519 1682 589 alicubi
1700 521 1732 588 ei
1747 516 1900 591 docendi
1916 522 2032 593 locum
2048 527 2152 598 dato-

1164 637 1225 682 ros
1239 637 1322 701 esse,
1345 620 1407 687 ubi
1423 621 1504 710 plus
1521 624 1684 711 prodesse
1698 619 1874 693 Ecclesiae
1887 626 2026 716 poterit,
2046 650 2152 719 quem

1161 713 1201 782 in
1224 717 1315 788 aula.
1368 717 1433 790 Est
1450 723 1546 791 enim
1560 735 1654 792 recte
1671 726 1814 810 doctus,
1838 736 1874 795 et
1887 728 1932 795 ad
1949 729 2151 798 docendum

1161 816 1322 890 idoneus.
1375 819 1496 910 Quare
1512 848 1592 895 eum
1608 825 1675 895 tibi
1692 829 1918 897 commendo:
1945 832 1988 897 de
2005 832 2150 900 caeteris

1159 917 1265 986 rebus
1291 944 1356 989 nec
1379 938 1494 1005 vacat,
1529 950 1593 996 nec
1619 927 1707 998 libet
1731 929 1894 999 scribere.
1945 928 2149 1013 serviamus

1157 1013 1234 1087 Deo
1258 1020 1295 1088 in
1323 1016 1388 1094 hac
1410 1027 1498 1095 dura
1524 1028 1666 1114 militia,
1698 1043 1734 1099 et
1752 1044 1911 1119 petamus
1934 1045 1974 1100 ut
1991 1031 2065 1122 ipse
2082 1055 2147 1103 nos

1156 1120 1328 1207 gubernet
1353 1139 1389 1196 et
1412 1150 1510 1197 suam
1527 1124 1701 1221 Cymbam
1724 1144 1839 1219 regat,
1871 1133 1962 1201 sicut
1976 1133 2145 1223 scriptum

1156 1234 1222 1288 est:
1255 1216 1481 1297 Commendo
1495 1223 1580 1297 Deo
1596 1228 1692 1300 viam
1710 1238 1812 1301 tunm
1827 1239 1859 1301 et
1874 1256 1981 1328 spera
1996 1231 2037 1301 in
2054 1254 2145 1316 enni,

1155 1328 1186 1387 et
1203 1319 1420 1420 ipsesnciet.
1472 1329 1570 1401 Bene
1588 1334 1675 1403 vale.
1722 1331 1791 1402 Die
1806 1330 2072 1404 Encaeniorum
2090 1332 2144 1404 le-

1154 1425 1351 1518 rosolymae
1366 1427 1416 1524 ⁴).

1840 1526 2040 1624 Philippus.

1164 1741 2132 1774 Ἣ

1167 1887 1232 1963 Νο.
1250 1891 1364 1966 6687.

1160 1984 1371 2025 Μ

1490 2089 1547 2178 H.
1576 2093 1792 2182 Beseldo.

1214 2246 1569 2387 arumna
1583 2250 1745 2379 uun.
1758 2257 1880 2397 nu
1911 2279 1942 2315 ‘¹

1972 1909 2029 1974 25.
2044 1906 2132 1972 Noe.

1959 1996 2130 2029 Μ

108 2469 265 2552 gmina,
292 2480 366 2538 toto
390 2478 531 2558 pectore
555 2488 634 2534 eum
657 2488 732 2557 oro.
785 2461 827 2531 ln
849 2464 922 2532 filio
946 2463 1098 2547 indoles,
1147 2468 1358 2544 Reverendo
1372 2470 1480 2560 Viro,
1504 2471 1707 2547 eruditione
1723 2489 1755 2549 et
1771 2483 1901 2557 virtute
1912 2494 2142 2584 praestanti,-

105 2568 177 2643 Dei
197 2566 387 2653 beneficio,
416 2567 511 2634 bona
536 2578 599 2635 est.
649 2561 704 2632 De
725 2565 852 2633 studiis
877 2563 1096 2635 exoratione
1145 2573 1201 2650 D.
1217 2573 1507 2669 Hieronymo
1532 2573 1754 2662 Besoldo,
1779 2578 2029 2683 Evangelinm
2044 2610 2136 2690 pure

107 2673 184 2745 eius
199 2669 354 2741 iudicare
369 2667 515 2760 poteris.
573 2665 744 2735 Naturam
761 2666 836 2757 ipse
854 2666 956 2735 stilus
974 2679 1096 2736 osten·
1147 2686 1179 2776 et
1199 2670 1367 2770 fideliter
1389 2672 1533 2746 docenti
1557 2677 1597 2748 in
1624 2677 1795 2753 Ecclesia
1820 2683 1900 2758 Dei
1923 2689 1963 2761 in
1990 2691 2132 2790 inclyta

108 2775 161 2845 dit
174 2786 304 2843 rectam
320 2793 403 2841 esse.
454 2765 503 2838 Et
517 2790 593 2836 mea
610 2767 723 2837 officia
740 2766 772 2835 ei
789 2791 863 2835 non
880 2769 1042 2837 deerunt.

209 2872 295 2943 'ribi
321 2871 425 2943 etiam
452 2870 660 2940 commendo
677 2860 886 2938 Iohannem
903 2865 1095 2965 Hosman-

108 3000 214 3061 nnnc,
239 2998 342 3068 quem
368 2997 490 3063 spero,
516 2968 593 3041 Deo
617 2972 777 3055 iuvante,
803 2971 883 3040 usui
910 2972 1096 3041 essesutu-
1181 3027 1191 3043 .

108 3102 187 3150 rum
203 3074 370 3147 Ecclesiis
395 3075 434 3143 iu
457 3074 580 3165 patria.
630 3071 809 3163 Pagellam
827 3073 940 3143 mitto.
991 3069 1095 3141 Nunc

107 3182 203 3249 euim
224 3178 293 3248 alia
317 3200 390 3245 non
413 3189 487 3246 erat
507 3178 551 3245 ad
573 3199 731 3245 manum.
784 3171 882 3244 Bene
899 3188 933 3244 et
947 3173 1097 3244 feliciter

108 3282 195 3354 vale.
245 3277 329 3362 Die,
362 3303 432 3371 quo
455 3277 623 3346 memoria
646 3277 843 3345 celebratur
865 3273 1097 3366 piaePrinci-

110 3384 164 3473 pis
182 3380 395 3469 Turingicae
413 3372 652 3451 Elisabethae.
703 3374 811 3444 Anno
832 3373 943 3449 1554.

615 3488 804 3581 Philippus
822 3486 1047 3561 Melantlson.

111 3713 254 3735 unu-⁶¹¹·-

929 3864 987 3928 26.
1005 3857 1086 3926 Nor.

919 3948 1091 3979 m

127 3818 321 3930 nassae.

117 3957 329 3991 Μ

336 4055 874 4165 Hier.·Baumgartnero.

179 4216 264 4289 Epist.
283 4213 330 4268 lib.
346 4211 392 4268 Vl.
410 4231 436 4282 p.
450 4213 501 4266 206
509 4231 549 4282 sq.
573 4209 668 4263 ilices
684 4208 853 4292 autographo
866 4209 972 4293 inthd.
984 4210 1065 4267 Mon.
1077 4214 1097 4296 l.

209 4284 310 4421 ,ῗίἔὲῗῖ
329 4284 795 4420 tt?litt'tt‘tt‘ttta.ti·¹t'‘
812 4279 972 4353 ‘mim'
993 4290 1098 4354 Μ’

109 4501 396 4595 Hieronymo
433 4492 800 4589 Bomgnrtnero,
839 4454 1098 4564 Senatoricn-

344 4597 463 4694 clytos
491 4594 593 4666 urbis
619 4589 862 4689 Noribergae.

110 4740 160 4828 S.
187 4748 230 4822 D.
281 4740 468 4818 Mecinus
485 4736 523 4836 *)
545 4753 665 4809 noster
687 4754 721 4810 et
743 4742 836 4831 apud
860 4763 927 4837 uos
952 4736 1097 4813 honeste

111 4853 210 4931 vixit,
238 4865 271 4920 et
285 4844 522 4917 adolescentes
536 4842 687 4910 fideliter
699 4840 841 4927 erudiit,
859 4843 975 4936 quiin
991 4845 1098 4912 disci-

110 4956 246 5048 plinam
271 4950 337 5041 ipsi
364 4945 678 5029 traditisueruut.·.
712 4939 765 5012 Ea
787 4943 827 5011 in
849 4967 888 5015 re
912 4943 1105 5017 estante.

111 5053 256 5127 claravit
280 5048 488 5147 modestiam
508 5069 627 5135 suam,
652 5045 756 5136 quod·
770 5047 1105 5129 aetatemnondum·

111 5152 283 5227 iudicavit
316 5154 479 5222 idoneam
509 5170 581 5216 esse
609 5145 654 5215 ad
681 5144 870 5235 regendam
893 5140 1099 5219 Ecclesiam.
1190 5160 1193 5167 '
1290 5156 1294 5163 '

112 5255 191 5331 liitsi
208 5269 325 5325 autem
343 5264 439 5322 nunc
456 5260 552 5341 eget,
586 5260 703 5318 tamen
720 5246 917 5316 libertatem
932 5245 966 5313 ei
979 5260 1099 5334 grato·

146 5432 699 5549 *)eutntus‘.··tnmteteue.:·'³
742 5508 747 5527 ,
879 5502 885 5511 .
1023 5504 1027 5509 .

1249 2772 1618 2875 urbeNorimbergn,
1638 2781 1765 2881 fratri
1776 2783 1816 2858 S.
1830 2789 2033 2872 carissimo.

1147 2909 1195 2997 S.
1221 2923 1264 2994 D.
1316 2921 1527 2994 Venerande
1549 2926 1605 2995 vir
1625 2941 1659 2998 et
1680 2931 1856 3003 carissime
1876 2938 1996 3016 frater.
2046 2922 2135 3015 Exi-¹

1147 3040 1253 3097 strmo
1287 3039 1322 3095 te
1347 3025 1477 3094 vidisse
1504 3028 1684 3099 decretum
1710 3029 1793 3129 περὶ
1818 3031 2055 3136 δικαιοσύνης
2080 3047 2133 3118 fa-

1148 3141 1244 3198 ctum
1266 3150 1388 3196 recens
1404 3126 1443 3195 in
1460 3127 1581 3199 littore
1596 3127 1773 3210 Balthico.
1827 3136 1972 3212 Utinam
1988 3146 2035 3216 sit
2050 3147 2135 3219 felix

1148 3220 1423 3325 ἐπανόρθωσις,
1450 3253 1489 3297 ac
1507 3231 1689 3325 aliquanto
1704 3252 1782 3326 post
1800 3240 1949 3313 sciemus
1964 3269 2018 3331 ea,
2044 3273 2134 3340 quae

1148 3344 1265 3401 secuta
1295 3342 1378 3400 sunt
1406 3331 1503 3399 illius
1524 3334 1655 3403 decreti
1678 3338 1883 3416 editionem.
1948 3342 2133 3421 Moderate

1149 3431 1310 3498 docendo
1335 3431 1528 3498 necessaria
1551 3434 1669 3501 vinces
1689 3441 1767 3507 τῶν
1792 3435 1994 3517 ἀντιδίκων
2017 3463 2134 3543 κραυ-

1148 3525 1228 3626 γὰς.
1279 3525 1418 3598 Recens
1442 3531 1487 3599 ad
1507 3554 1564 3599 me
1580 3531 1731 3605 Senatus
1744 3530 2031 3618 Ratisbonensis
2047 3552 2134 3621 scri-

1150 3629 1219 3718 psit
1240 3629 1284 3693 de
1306 3627 1409 3699 rebus
1424 3628 1580 3714 duabus,
1603 3646 1727 3722 petens
1743 3651 1783 3706 ut
1798 3663 1911 3710 meam
1927 3648 2132 3737 opinionem

1150 3727 1400 3816 significarem,
1446 3730 1490 3796 de
1527 3730 1641 3801 forma
1681 3732 1945 3812 Ecclesiasticae
1987 3762 2132 3838 poenae,

1150 3851 1255 3923 quam
1269 3829 1321 3898 ibi
1336 3821 1478 3929 Gallus
1493 3834 1677 3925 proponit,
1702 3833 1766 3910 καὶ
1778 3838 1859 3936 napi
1873 3837 2006 3923 τόκων.
2056 3849 2132 3925 lte*

1150 3930 1298 4020 spondi,
1325 3930 1422 4021 prius
1442 3931 1570 4003 iudicii
1583 3936 1734 4031 sormam
1751 3946 2040 4017 constituendam·
2048 3976 2131 4033 esse,

1149 4054 1214 4101 uec
1239 4055 1349 4100 uncsm
1372 4044 1542 4124 potestate
1566 4039 1829 4111 condemnandi
1860 4041 2033 4143 ἀκρίτους
2054 4056 2132 4125 siue

1150 4132 1351 4223 cognitione
1373 4136 1584 4233 armandum
1600 4161 1684 4212 esse.
1735 4142 1874 4231 Quaeso
1895 4162 1933 4220 ut
1950 4151 2138 4243 significes,¹

1149 4258 1196 4304 an
1221 4236 1266 4304 sd
1298 4247 1431 4304 vestros
1460 4237 1565 4307 etiam
1589 4240 1766 4333 scripserit
1792 4244 1941 4321 Senatus
1965 4248 2134 4327 Ratisbo-

1081 4356 1085 4363 ·
1150 4334 1281 4410 nensis.
1332 4329 1535 4407 Meotaum
1560 4355 1720 4412 nostrum
1744 4346 1811 4416 tibi
1826 4362 1861 4418 et
1876 4353 1999 4422 ceteris
2014 4344 2140 4431 amicis'

1150 4438 1369 4507 commendo.
1422 4434 1520 4507 Bene
1542 4441 1640 4528 vale,
1672 4440 1740 4514 Die
1756 4442 2018 4525 Encaeniorum
2036 4444 2141 4528 leross‘

1149 4539 1315 4633 solymae.
1534 4542 1558 4583 ⁸

1144 4876 1348 5031 Q
1972 4858 2141 5001 §aaa

1451 5068 1580 5192 M
1609 5047 1763 5197 liceto.
1802 5052 1820 5071 ι.

1250 5261 1328 5331 †Ex
1345 5277 1440 5335 apogr.
1459 5262 1488 5317 in
1507 5265 1571 5321 eod.
1591 5266 1668 5325 Paris
1686 5271 1722 5357 ⁰:
1742 5272 1782 5333 Ι..
1793 5277 1853 5355 Μ’.

1165 5420 1170 5437 Ι
1186 5420 1220 5539 ti)
1238 5432 1306 5527 ΑἸὶιΙ
1316 5426 1412 5528 manus
1428 5424 1585 5624 sds2er4ippits
1601 5501 1646 5539 sn.
1668 5426 1748 5542 1554..Ι
