4776 6024
173 236 253 315 25⁷
2140 256 2216 327 253

173 411 332 487 accedite
350 411 392 479 ad
411 432 492 477 eum
512 420 545 476 ct
563 410 748 479 adcurrite.
802 407 871 479 Istc
890 434 1022 502 pauper
1040 410 1170 480 clama·
1225 414 1465 484 dulcissimam
1485 419 1712 489 sentcntiamt
1737 431 1878 489 nonest
1899 416 2069 488 uoluntas
2081 424 2214 517 patris,

173 516 251 596 vit,
283 509 510 583 etDominus
532 511 707 581 exaudivit
724 536 837 605 exam..
869 510 1049 581 lntuentes
1064 514 1172 602 igitur
1224 523 1263 582 ul
1285 525 1408 611 pereat
1433 543 1528 588 unus
1551 512 1886 617 deparaulisistis.
1939 521 2018 591 Tua
2034 524 2146 592 oratio
2166 526 2212 595 ita

175 614 356 706 Principis
373 609 520 700 Georgii
545 634 704 695 cursum,
730 629 763 682 et
780 615 868 702 grati
887 611 1001 681 Deum
1017 615 1170 682 celebre·
1224 619 1416 707 expetitur,
1448 637 1488 690 ut
1510 616 1568 689 bic
1591 619 1799 716 typographi
1823 648 1898 693 earn
1918 646 2038 693 rursus
2056 624 2211 693 tradide-

174 740 273 801 mus,
300 728 509 807 etpetamus
525 736 590 780 nos
605 737 745 806 qnoque
762 714 968 802 gubernari,
995 729 1027 784 ct
1043 719 1170 800 studia,
1224 718 1295 786 rint
1319 720 1437 809 prelis.
1504 721 1619 794 Fratri
1644 726 1874 797 adolescentis
1897 726 2059 814 scriptam
2090 749 2209 819 παρα-

175 819 402 891 aednlitatem
423 826 457 883 et
478 814 698 903 diligentiam
727 818 802 884 eius
824 819 862 885 in
885 817 1080 886 retinendis
1104 816 1169 885 Dei
1220 813 1435 914 μοθητικήτ
1467 823 1507 892 in
1532 827 1635 893 amici
1661 829 1803 911 fxxnere,
1840 828 1869 894 si
1897 849 1969 894 non
1997 825 2208 916 displicebit,

173 921 281 991 donia
295 919 356 1011 ple
372 918 564 984 imittmttr·
1116 942 1120 949 ’
1222 923 1337 989 trades
1360 923 1402 991 ei.
1453 922 1534 994 Non
1557 926 1649 995 enim
1674 943 1850 1018 antepono
1872 950 1965 996 meas
1981 927 2208 1014 cogitationes

267 1018 398 1119 'Huius
422 1014 590 1086 historiae
614 1018 799 1085 lectionem
821 1042 922 1108 spero
943 1032 1074 1107 gratam
1093 1021 1168 1088 fore
1222 1023 1301 1106 tuis,
1327 1047 1366 1090 ac
1382 1026 1493 1096 multo
1509 1028 1627 1096 minus
1643 1054 1755 1098 meam
1773 1031 1994 1098 macilentam
2012 1029 2205 1097 orationem

176 1120 281 1194 bonis
309 1120 498 1203 omnibus,
538 1119 660 1187 multis
685 1119 789 1187 etiam
813 1122 948 1190 utilem.
1010 1119 1166 1211 Exposui
1220 1137 1281 1190 tuo
1318 1125 1508 1213 splendori.
1575 1128 1612 1198 Si
1656 1131 1786 1221 poteris
1821 1130 2004 1221 exspatiari
2038 1127 2205 1219 Lipsiam,

175 1237 295 1297 autem
323 1223 428 1291 initio
457 1243 594 1289 causam
623 1220 808 1313 utriusque
833 1223 990 1311 consilii,
1024 1236 1167 1313 propter
1220 1216 1412 1295 [oachirno
1434 1228 1709 1300 iucundissimus
1729 1227 1855 1321 hospes
1877 1234 1965 1311 eris,
2000 1245 2034 1300 et
2055 1232 2204 1298 delecta-

176 1348 287 1420 qnam
301 1321 579 1394 etCelsitudinis
593 1334 684 1400 tuae,
706 1320 872 1413 Princeps
888 1323 1046 1403 illustris,
1068 1348 1167 1391 xncn-
1219 1327 1312 1394 beris
1350 1328 1500 1398 aliorum
1543 1334 1727 1402 doctorum
1769 1335 1925 1403 virorum
1969 1331 2202 1403 sermonibus.

175 1429 316 1498 tionem
336 1425 376 1493 in
389 1419 443 1491 his
462 1422 680 1491 editionibus
702 1424 847 1508 faciam,
874 1439 905 1492 et
929 1427 1070 1495 extendi
1092 1449 1166 1493 me·
1217 1424 1313 1494 Bene
1338 1444 1373 1498 et
1396 1431 1545 1499 feliciter
1568 1434 1654 1503 vale.
1715 1432 1757 1501 lu
1779 1430 1944 1504 Pasclxate
1961 1428 2002 1526 ²).
2069 1426 2205 1502 Ursini

176 1527 330 1597 moriam
347 1524 519 1614 Principis
535 1522 680 1613 Georgii
697 1549 775 1592 curn
789 1521 938 1594 Lutlxcri
954 1550 1165 1595 monumen·
1218 1530 1399 1617 ingenium
1416 1545 1450 1600 et
1467 1556 1581 1601 mores
1599 1534 1698 1602 valde
1715 1536 1841 1625 probo.

753 236 1180 313 EPlSTOLARllbl
1236 242 1448 320 l.lB.Xll.
1501 246 1631 323 1554.

177 1629 225 1698 tis
248 1628 406 1700 velimus.
456 1624 656 1695 Plurimum
681 1626 774 1692 cuim
799 1628 903 1697 relect
926 1628 1014 1695 scire
1031 1641 1165 1696 exteros

178 1744 213 1800 ct
228 1742 411 1821 posteros,
445 1727 564 1819 quales
577 1728 646 1795 riri
663 1727 860 1796 doctrinam
878 1743 1076 1797 nostrarum
1095 1726 1164 1796 Ec-

178 1831 361 1900 clesiarom
385 1828 536 1919 amplexi
557 1828 639 1902 sint.
695 1825 773 1896 lloc
794 1845 953 1898 nostrum
977 1831 1164 1897 consilium

177 1944 238 2002 tuo
269 1930 477 2021 gravissimo
511 1929 642 1998 iudicio
674 1930 777 1998 ctiam
806 1932 946 2020 probari
974 1944 1056 2021 opto
1085 1955 1163 2000 cum

178 2033 343 2102 omnibus
357 2029 586 2120 Principibus
605 2043 639 2099 et
655 2032 732 2098 aliis
749 2035 1006 2120 praestantibus
1025 2033 1110 2100 viris
1126 2032 1163 2098 iu

178 2134 341 2203 universa
361 2131 555 2201 Germania
577 2147 634 2200 tua
660 2133 840 2220 integritas
863 2148 944 2202 nota
969 2149 1001 2202 et
1019 2136 1163 2223 probata

177 2236 233 2310 sit.
282 2234 377 2305 Illud
400 2235 504 2305 etiam
529 2234 694 2318 adfirmo,
728 2259 805 2314 cos,
833 2236 894 2326 qui
921 2249 1085 2323 praesunt
1109 2230 1163 2301 lxis

175 2336 413 2419 editionibus,
450 2335 669 2425 diligentiam
704 2349 736 2403 et
762 2336 865 2403 lidcxu
892 2339 1033 2423 dignam
1062 2336 1165 2405 bouis

177 2436 270 2505 airis
283 2450 468 2526 praestare,
489 2438 584 2530 quod
601 2437 741 2505 collatio
758 2439 928 2509 ostendet.
965 2435 1061 2504 Bene
1076 2437 1163 2506 vale.

179 2535 295 2607 Anno
308 2532 414 2609 1551.
426 2537 465 2605 in
475 2533 654 2621 Paschae,
680 2537 775 2629 quod
791 2551 841 2606 est
857 2540 901 2608 ab
917 2539 1010 2607 exitu
1027 2533 1165 2606 israhe-

179 2639 327 2707 litarum
345 2661 384 2706 ex
397 2633 553 2733 Aegypto
567 2633 699 2708 Pascha
717 2639 828 2712 5063.

761 2863 909 2871 ··---—-—-
925 2863 1041 2872 --.-.--
1055 2865 1058 2869 ·
1070 2863 1150 2872 η’...-

189 3012 257 3085 Νο.
272 3009 385 3083 5578.

1012 3026 1031 3085 2
1035 3024 1067 3088 6.
1077 3017 1165 3081 Mart.

183 3109 393 3146 Μ
1021 3109 1156 3134 Μ.

515 3196 583 3282 Ιο.
613 3196 826 3306 Stigelio.

247 3356 333 3415 Daaa'.
343 3378 405 3432 epp.
419 3358 454 3413 ad
468 3357 560 3429 Stiget.
573 3377 616 3430 ep.
627 3357 670 3414 77.
707 3357 775 3411 Cod.
788 3356 871 3410 Goth.
887 3359 944 3410 188.
963 3375 1006 3429 ep.
1022 3360 1080 3412 145.

181 3512 403 3589 Clarissimo
419 3516 509 3596 viro,
528 3514 676 3609 ingenio
689 3523 720 3583 et
737 3511 937 3582 eruditione
950 3515 1170 3608 praestanti,

181 3616 236 3692 D.
260 3616 437 3689 loanni
466 3614 695 3710 Sligelio,
727 3615 851 3715 fratri
874 3639 941 3683 suo
966 3614 1170 3699 carissimo,

625 3718 661 3790 S.
685 3716 728 3787 D.

183 3856 336 3944 clariss.
351 3868 405 3937 vir
425 3882 460 3939 ct
480 3870 595 3938 cariss.
609 3869 726 3939 frater.
779 3865 895 3935 Tuam
914 3866 1109 3934 orationem
1126 3865 1170 3933 de

186 3971 347 4059 generosi
360 3971 587 4042 adolescentis
604 3969 724 4037 indole
741 3983 772 4038 et
788 3968 860 4036 sato
877 3992 949 4035 xxon
964 3967 1040 4035 sine
1057 3967 1172 4061 lacry-

187 4070 256 4153 mis
282 4070 369 4163 legi,
399 4072 554 4163 cogitans
578 4082 611 4141 et
633 4073 676 4139 de
695 4070 801 4161 patris
817 4074 973 4167 στοργῇ,
1001 4084 1035 4138 et
1051 4071 1095 4137 de
1111 4082 1170 4138 tuo

184 4174 329 4254 dolore,
362 4174 420 4266 qui
443 4174 552 4265 patris
574 4173 606 4240 ei
630 4174 707 4241 loco
731 4172 845 4254 luisti,
877 4187 912 4240 et
933 4195 1013 4240 vero
1032 4171 1076 4239 dc
1095 4171 1170 4261 ipso

184 4276 417 4346 adolescente.
473 4272 677 4344 Dolendum
702 4286 753 4342 est
776 4273 891 4356 enim,
924 4273 1007 4342 talia
1029 4272 1172 4361 ingenia

187 4377 373 4448 immatura
394 4390 509 4447 morte
530 4375 704 4464 extingui,
741 4398 829 4466 quae
846 4376 977 4464 patriae
996 4373 1171 4464 praesidio

185 4479 301 4550 lutura
320 4500 395 4549 esse
409 4478 647 4570 sperabamus.
698 4474 768 4545 Sed
784 4499 863 4543 curn
881 4473 972 4545 banc
985 4469 1171 4541 bominum

185 4592 348 4650 naturam
374 4580 525 4648 sciamus
550 4603 622 4647 non
648 4601 730 4646 casu
745 4576 848 4658 ferri,
881 4580 939 4643 sed
960 4573 1032 4663 regi
1048 4589 1082 4646 ct
1100 4597 1172 4642 ser-

185 4678 265 4749 rari
289 4680 477 4766 divinitus3
504 4677 580 4749 Deo
605 4679 788 4747 credamus
805 4674 843 4771 ¹).
895 4674 1066 4760 Memini,
1093 4701 1173 4745 cum

183 4780 302 4850 lilium
323 4804 439 4853 meum
457 4775 656 4875 Georgium
682 4780 893 4858 amisissem,
929 4801 984 4846 me
1006 4791 1086 4868 post
1110 4776 1176 4845 ali-

186 4896 272 4977 quot
299 4880 415 4951 diesa
438 4882 562 4953 sunere
585 4885 624 4950 in
647 4878 788 4949 Psalmo
813 4879 956 4969 legere,
979 4874 1066 4972 Ipsa
1083 4876 1177 4977 jecit

188 5005 270 5069 nes,
296 5006 373 5055 ιιοιι
395 4980 471 5080 ipsi
492 5007 570 5056 nos.
622 4979 689 5051 His
703 4981 821 5050 verbis
837 4983 952 5050 subito
970 4982 1085 5066 lectis,
1111 4980 1179 5049 mi-

1728 1660 1916 1757 Philippus
1932 1660 2154 1738 Melantbon.

1564 1896 2161 1911 *ww-U·-
2166 1894 2198 1906 -

1216 2061 1282 2129 No.
1296 2056 1408 2133 5578.

1233 2156 1391 2183 ΟΝ

2024 2070 2082 2135 26.
2100 2062 2190 2128 Illart.

2024 2152 2193 2182 Μ

1540 2257 1593 2343 Ρ.
1629 2259 1882 2344 Vincerctc'o.

1319 2441 1342 2508 †
1362 2437 1395 2490 [ir
1414 2449 1506 2508 apogr.
1524 2437 1552 2490 in
1572 2436 1635 2492 cod.
1654 2436 1739 2492 Paris.
1756 2435 1793 2492 D.
1813 2436 1846 2492 1..
1865 2439 1898 2490 51
1909 2442 1933 2494 ³.

1499 2604 1635 2681 Petro
1672 2606 1918 2681 Vincentio

1219 2746 1265 2832 S.
1294 2756 1338 2831 D.
1389 2756 1578 2828 Carissime
1596 2751 1710 2831 Patre.
1764 2755 1890 2839 Τέττιξ
1904 2760 1974 2848 μὲν
1987 2754 2120 2855 τέττιγι
2137 2755 2201 2853 φί-

1219 2868 1298 2944 λος,
1331 2853 1500 2953 μύρμακι
1521 2854 1562 2931 δὲ
1586 2854 1752 2952 μύρμαξ.
1813 2859 1913 2928 Nosti
1939 2861 2035 2928 enim
2062 2884 2201 2929 versum

1219 2959 1413 3034 Theocriti.
1463 2959 1566 3030 Hanc
1586 2986 1686 3032 suam
1702 2961 1903 3029 societatem
1919 2984 1999 3030 cum
2017 2961 2078 3028 illa
2094 2962 2203 3029 mini·

1218 3087 1277 3133 ma
1297 3064 1428 3132 insecta
1448 3077 1633 3147 tueantur,
1657 3076 1791 3154 quanto
1806 3063 1918 3151 magis
1930 3085 1994 3131 nos
2010 3063 2102 3132 tueri
2118 3085 2205 3130 con-

1221 3166 1436 3234 iunctionem
1452 3178 1609 3233 nostram
1625 3165 1830 3253 oportebat,
1855 3165 1917 3257 qui
1934 3163 2067 3233 conditi
2084 3186 2205 3231 smnus

1221 3271 1262 3335 ad
1289 3266 1645 3335 communicationem
1666 3265 1857 3355 sapientiae
1880 3280 1914 3333 et
1936 3267 2129 3335 multorum
2149 3264 2202 3331 ol·

1221 3368 1397 3449 liciorum,
1436 3381 1471 3435 et
1495 3367 1643 3443 scinurs,
1681 3366 1748 3434 Dei
1782 3366 1999 3436 voluntatem
2035 3387 2126 3444 esse,
2164 3376 2203 3432 ut

1221 3483 1359 3558 pectora
1377 3470 1495 3535 iuncta
1511 3467 1583 3535 sint
1598 3490 1677 3532 vera
1695 3466 1949 3538 benevolentia.
1999 3461 2080 3533 Erit
2095 3462 2204 3551 igitur

1222 3572 1314 3637 inter
1339 3592 1403 3636 xxos
1425 3581 1563 3635 aeterna
1589 3564 1754 3637 amicitia.
1805 3561 1852 3633 Et
1869 3566 1980 3634 nostri
1997 3567 2109 3654 gregis
2125 3587 2204 3654 pars

1221 3664 1280 3737 bic
1306 3690 1446 3762 quoque
1470 3679 1521 3735 est
1546 3663 1599 3736 Μ.
1623 3659 1883 3733 Barlolomeus
1898 3658 2100 3747 basonus,
2132 3663 2204 3755 Cy-

1223 3794 1332 3860 gncus
1346 3763 1405 3861 ¹⁵),
1439 3763 1580 3836 honesti
1602 3767 1668 3835 viri
1692 3766 1802 3849 filius,
1826 3767 1885 3858 qui
1905 3767 1994 3834 istuc
2011 3765 2204 3853 expatiatus

1223 3888 1290 3955 est,
1317 3888 1354 3941 ut
1379 3884 1413 3940 et
1437 3862 1723 3963 ἀριστοκρατίαν
1744 3882 1894 3939 vestram
1917 3868 2049 3949 videat,
2075 3879 2203 3934 etcum

1223 3975 1336 4044 doctis
1358 3972 1593 4064 colloquatur.
1646 3967 1699 4039 Te
1723 3971 1804 4038 volo
1830 3971 1861 4037 ei
1880 3972 1923 4036 ad
1942 3981 2095 4037 caeteros
2112 3957 2205 4056 πρό·

1223 4077 1328 4157 ξονον
1354 4098 1439 4148 esse.
1504 4069 1649 4142 Ductori
1669 4063 1841 4139 Iohanni
1863 4064 2069 4166 Aurifabro
2100 4081 2205 4137 notus

1223 4192 1286 4249 est.
1337 4176 1434 4247 Bene
1449 4188 1482 4243 et
1498 4174 1646 4244 feliciter
1660 4172 1748 4244 vale.
1797 4167 1859 4241 25.
1874 4169 2008 4243 Martii.

1226 4414 1364 4425 -ο--ο-σ--ι
1380 4416 1414 4423 —--·
1431 4412 2032 4426 -a--c--n--n-—n—--n-um
2048 4415 2056 4421 -
2069 4408 2202 4421 —---—·-·

1225 4570 1424 4701 Q.

2038 4574 2208 4693 exn

1570 4773 1876 4861 Scholasticis.

1300 4937 1407 5007 Scripta
1429 4936 1504 5007 publ.
1525 4936 1653 4990 Acadcm.
1668 4932 1783 4991 Witeb,
1808 4932 1842 4988 Τ.
1857 4932 1905 4986 lll.
1927 4931 1966 4984 lit.
1981 4928 2015 4984 G.
2038 4959 2070 4974 -
2107 4928 2215 4982 blatan·

1332 5007 1397 5060 tben
1411 5006 1504 5076 scripti
1519 5014 1559 5059 eat
1570 5014 1678 5060 auctor.

187 5084 280 5154 ribca
303 5087 440 5157 laetitia
456 5110 519 5159 cor
538 5085 795 5154 inflammatum
810 5093 879 5165 est,
904 5095 945 5151 ut
963 5094 1081 5171 postea
1098 5072 1180 5147 Lu-¹
1235 5114 1352 5161 ,μὴ
1369 5154 1411 5161 .-.

188 5176 291 5254 litero
309 5189 468 5279 narravi.
545 5180 594 5283 Et
616 5188 660 5301 dc
682 5184 743 5254 illa
767 5194 877 5299 aetate
898 5177 1071 5250 babemus
1090 5174 1182 5251 hauc
1253 5234 1302 5302 ,η
1320 5216 1561 5290 οοάιῦοὼηδ.
1574 5233 1661 5288 ddi„
1680 5232 1791 5283 m.

188 5324 410 5341 Ἣ.-

223 5394 249 5458 l]
269 5392 445 5468 scrip-tinas
462 5378 617 5453 cedamus?
656 5376 660 5382 .

194 5470 379 5539 ilar-aare.
399 5474 506 5543 Ocra.
532 5476 618 5544 Vox..
632 5470 724 5540 Vlll.

1144 5392 1150 5399 ι
1271 5323 1298 5385 ·,·
1320 5319 1344 5370 Ιι
1365 5336 1429 5371 ana.
1447 5317 1528 5381 tsst,
1548 5318 1624 5370 cast.
1645 5318 1803 5371 versabatur
1823 5316 1851 5368 in
1874 5317 1958 5370 acad.
1972 5312 2084 5369 Witeb.
2103 5320 2129 5362 et
2146 5309 2223 5378 plura

1309 5388 1369 5440 eiua
1384 5384 1509 5531 carrxxiln‘}
1519 5386 1645 5455 leguntur
1659 5387 1691 5439 in
1701 5386 1816 5459 Scriptis
1830 5383 1907 5458 publ.
1919 5383 2004 5441 dead.
2017 5376 2129 5433 tht.
2170 5412 2173 5417 -
