4776 6024
185 127 258 203 139
761 125 1188 206 EPISTOLARUM
1234 134 1341 210 Lttt
1366 138 1447 216 ΧΗ.
1501 145 1633 222 1666.
2134 171 2220 245 ‘tto

186 291 381 427 Q.
986 306 1175 426 (Q
1223 319 1327 398 tegat
1384 309 1482 382 Bene
1504 317 1582 387 vale
1603 321 1756 394 candide
1778 325 1898 399 lector.
1955 326 2067 404 Datae
2094 362 2213 412 mense

1223 401 1385 499 Augusto
1401 436 1496 484 anno
1515 413 1624 492 1666.

341 497 713 609 (commutatio
744 496 1019 613 Langaeti.)

254 676 273 738 ι.
292 667 330 722 n
342 684 437 740 noge.
452 664 483 721 n
494 665 557 722 soe.
569 666 656 724 rus..
674 667 710 722 n.
723 670 757 725 ι.
774 669 837 726 aas.

388 835 574 915 Omnibus
590 840 737 914 lecturis
752 839 825 914 has
842 841 971 916 literas

183 1003 233 1092 S.
265 1012 312 1086 D.
368 1006 510 1081 Recitat
539 1006 704 1079 Clemens
734 1003 998 1081 Alexandrinus
1030 1034 1171 1081 versum
1259 1048 1266 1062 =

181 1111 371 1196 Heracliti,
396 1113 436 1180 in
452 1136 521 1204 quo
536 1109 584 1180 ait
599 1110 752 1179 describi
764 1110 873 1180 vitam
888 1108 1171 1205 philosophicam

184 1210 301 1291 nou&
333 1212 570 1306 πλανηθῆναι
603 1203 800 1304 διζήμενον
834 1210 989 1306 gpwa,
1021 1207 1171 1289 gom„
1288 1208 1338 1278 (Ει
1350 1209 1446 1269 David
1459 1211 1721 1286 chytneieptnoti·
1737 1238 1764 1289 p.
1778 1222 1866 1292 1234.)

183 1320 322 1391 Laudat
344 1316 440 1384 enim
462 1314 780 1406 peregrinationem
800 1312 961 1385 discendi
976 1339 1171 1388 causasus-
1484 1366 1670 1444 Duum
1693 1367 1760 1449 Ch
1803 1391 1816 1449 l
2027 1382 2033 1387 .

183 1433 336 1513 ceptam,
363 1417 402 1486 in
424 1440 494 1509 qua
516 1428 634 1486 tamen
657 1414 831 1486 retinetur
858 1441 999 1488 morum
1023 1419 1170 1508 integri-
1257 1478 1268 1496 .
1493 1444 1499 1457 ·
1764 1405 1795 1474 7
1826 1406 1940 1457 '⁰³⁰⁰
2063 1500 2072 1511 ,

183 1539 247 1595 tas.
296 1516 376 1589 Etsi
399 1532 517 1588 autem
540 1512 600 1586 hic
621 1517 678 1587 vir
699 1512 966 1589 honestissimus
982 1515 1171 1614 Hapertus
1220 1500 1267 1588 S.
1291 1511 1336 1585 D.
1385 1514 1597 1591 Doctissime
1622 1524 1678 1595 vir
1700 1540 1735 1601 et
1751 1531 1929 1605 carissime
1943 1539 2062 1615 frater.
2113 1543 2208 1617 Cum

182 1618 421 1716 Languefas,
454 1617 691 1709 Burgundus,
728 1619 904 1710 praeclare
937 1623 1098 1691 eruditus
1130 1622 1170 1689 in
1219 1630 1300 1686 ante
1327 1619 1508 1689 octiduum
1543 1617 1635 1694 hanc
1650 1642 1656 1655 “
1670 1628 1853 1719 epistolam
1878 1631 1995 1710 Eleu.
2020 1634 2210 1729 Palatini,

182 1728 277 1810 iure,
306 1721 474 1792 instruxit
496 1742 532 1788 se
555 1721 757 1809 cognitione
780 1721 961 1792 doctrinae
981 1735 1015 1792 et
1038 1723 1169 1793 multa-
1218 1743 1324 1811 quam
1350 1742 1448 1789 nunc
1476 1722 1544 1792 tihi
1567 1725 1691 1827 mitto,
1724 1731 1897 1806 inclusam
1925 1733 2009 1811 huic
2039 1749 2211 1837 pagellae,

182 1852 262 1897 rum
285 1847 425 1908 rerum,
458 1822 690 1892 consideratis
712 1823 838 1891 studiis
863 1836 898 1893 et
911 1826 1024 1894 forma
1039 1826 1169 1915 guber·
1219 1820 1445 1911 accepissem,
1474 1826 1644 1915 respondi
1662 1831 1780 1907 subito
1796 1827 1856 1929 ⁸),
1884 1862 1925 1913 ac
1944 1842 2028 1913 mni
2044 1844 2208 1922 Palatino

183 1927 340 1999 nationis
355 1926 395 1993 in
411 1921 531 2009 ltalia,
557 1920 694 2004 Gallia,
717 1920 900 2015 Hispania,
927 1921 1070 2016 Anglia,
1095 1922 1170 1995 Da·
1219 1934 1296 1990 tuas
1311 1922 1475 2013 epistolas
1491 1928 1579 1995 duas
1592 1931 1638 1999 ad
1651 1955 1708 2002 me
1725 1936 1891 2029 scriptas,
1911 1956 1954 2014 ut
1965 1957 2069 2027 tuam
2078 1951 2209 2023 volun.

182 2031 243 2098 nia
268 2044 303 2099 et
318 2025 529 2097 Germania:
555 2038 675 2095 tamen
696 2020 764 2096 hoc
786 2047 953 2114 magnum
977 2029 1084 2096 decus
1103 2022 1169 2098 hac
1218 2035 1324 2092 tatem
1348 2047 1389 2092 er
1411 2025 1462 2094 eis
1484 2047 1717 2117 cognosceret.
1783 2034 1938 2132 Scripsi,
1970 2059 2005 2116 te
2034 2052 2140 2122 malle
2170 2056 2209 2123 in

181 2153 264 2198 vera
288 2128 394 2197 laude
417 2141 573 2215 superat,
606 2128 703 2218 quod
726 2127 766 2195 in
781 2139 833 2196 tot
847 2129 1005 2216 gentium
1021 2151 1169 2199 consue·
1219 2120 1409 2194 Academia
1424 2129 1558 2217 patriae
1573 2131 1692 2203 vivere
1708 2160 1812 2229 quam
1826 2124 1927 2228 alibi,
1951 2150 2012 2217 sed
2026 2149 2145 2224 literas
2160 2159 2206 2224 ad

182 2231 307 2300 tudine
345 2228 495 2297 retinuit
533 2228 688 2296 nativam
735 2227 971 2317 integritatem
1014 2255 1169 2315 morum,
1219 2239 1252 2294 te
1267 2226 1479 2298 nominatim
1492 2231 1695 2305 scribendas
1709 2260 1793 2318 esse,
1812 2255 1852 2313 ut
1867 2251 1994 2340 petere}
2002 2251 2205 2325 missionem

181 2329 372 2412 iustitiam,
408 2329 514 2396 fidem
539 2341 574 2398 et
600 2328 808 2397 modestiam
832 2330 871 2397 in
898 2331 997 2399 omni
1021 2332 1168 2402 actione.
1217 2327 1340 2417 possis.
1398 2325 1536 2403 Eadem
1567 2357 1691 2415 rursus
1722 2338 1792 2409 iam
1826 2344 1998 2429 scribam,
2035 2357 2206 2428 comiter

181 2429 429 2521 Comperimus
449 2428 543 2497 enim
567 2424 673 2498 huius
688 2427 841 2521 Huperti
864 2455 980 2500 mores
1001 2433 1111 2503 iustos
1134 2447 1168 2502 et
1218 2425 1561 2503 Francofordianum
1592 2439 1705 2509 matri
1730 2442 1829 2527 ,cives
1860 2451 2088 2542 susciperent.
2153 2456 2207 2528 Ac

180 2533 337 2624 placidos
358 2553 447 2613 esse,
474 2543 508 2598 et
528 2531 691 2598 eximiam
713 2531 787 2600 eius
804 2555 877 2600 esse
891 2533 1116 2622 prudentiam
1134 2549 1168 2604 et
1217 2530 1388 2624 quicquid
1412 2533 1456 2601 de
1480 2544 1515 2605 te
1539 2535 1723 2621 literarum
1747 2565 1930 2638 accepero,
1957 2553 2109 2626 fideliter
2122 2561 2207 2628 mit.

179 2633 457 2704 moderationem
483 2631 643 2700 inomni
664 2631 800 2716 officio,
826 2649 859 2704 et
882 2634 920 2702 in
935 2635 1038 2705 dictis
1053 2648 1088 2705 et
1104 2659 1168 2726 pa·
1217 2642 1300 2703 tam.
1353 2629 1491 2702 Tamen
1512 2659 1592 2706 cum
1614 2633 1705 2723 hanc
1726 2644 1908 2735 epistolam
1921 2645 2206 2748 Palatinilege-

179 2736 243 2805 ctis
265 2735 380 2807 fidem.
430 2729 592 2824 Cumque
613 2733 841 2803 fueritnobis
855 2735 931 2804 eius
946 2736 1166 2808 familiaritas
1216 2731 1283 2816 ris,
1316 2744 1349 2801 te
1375 2734 1491 2824 ipsum
1514 2761 1551 2805 re
1569 2739 1762 2817 deliberata
1779 2747 1824 2817 ad
1839 2751 2033 2845 principem
2048 2760 2205 2830 scrihere

179 2838 351 2919 iucunda,
384 2834 541 2925 quiade
572 2835 765 2904 multorum
799 2837 1019 2907 eruditorum
1040 2839 1167 2908 studiis
1216 2834 1381 2922 optarim.
1432 2833 1494 2905 Me
1512 2863 1654 2935 quoque
1672 2843 1711 2913 in
1728 2849 1878 2937 patriam
1894 2857 2141 2945 vocarivides;
2168 2880 2206 2932 et

179 2953 213 3008 et
233 2935 437 3017 sententiis,
471 2946 506 3003 et
531 2935 575 3001 de
597 2934 746 3004 aliarum
769 2937 926 3024 gentium
952 2938 1115 3008 moribus
1134 2954 1167 3011 et
1216 2934 1299 3027 quia
1322 2934 1415 3037 bella
1437 2959 1503 3007 nos
1527 2939 1679 3032 migrare
1702 2965 1847 3038 cogent,
1880 2952 2068 3030 cumhinc
2090 2963 2205 3033 disce-

179 3038 317 3129 legibus
330 3035 440 3105 multa
458 3035 565 3124 digua
579 3035 784 3124 cognitione'
793 3060 937 3107 narrare
953 3052 1085 3129 potest:
1112 3054 1166 3110 ta·
1216 3035 1373 3106 (lendum
1393 3036 1481 3125 crit,
1506 3040 1649 3139 decrevi
1665 3047 1703 3117 in
1719 3052 1869 3140 patriam
1879 3052 2077 3148 proficisci,
2103 3066 2135 3132 si
2149 3068 2204 3133 vi.

177 3164 261 3210 men
283 3138 395 3208 multo
417 3135 556 3206 dulcior
573 3137 643 3205 fuit
663 3150 808 3228 propter
829 3163 968 3208 mamm
982 3140 1165 3231 integrita-
1215 3136 1317 3223 mm}
1342 3151 1404 3208 11111
1427 3161 1502 3209 non
1523 3141 1610 3213 belli
1625 3150 1769 3223 saevitia
1782 3156 1975 3246 opprimar,
2025 3159 2122 3234 Haec
2136 3191 2204 3236 no-

178 3257 262 3312 tem.
312 3238 415 3309 Hanc
437 3250 554 3306 autem
576 3237 759 3328 epistolam
782 3239 816 3308 ei
836 3240 935 3324 dedi,
959 3254 994 3311 et
1009 3255 1051 3313 ut
1065 3244 1164 3313 testi·
1214 3251 1285 3309 stra
1298 3232 1458 3330 peric'ula
1473 3238 1787 3341 Deacommendo,
1810 3259 1893 3350 quia
1907 3259 2202 3361 estaeapdtoyvui-

177 3342 339 3413 monium
361 3340 457 3440 apud
477 3363 557 3408 eum
573 3352 663 3408 extet
677 3340 941 3411 benevolentiae
955 3365 1034 3432 erga
1049 3344 1162 3436 ipsum
1214 3358 1320 3432 στης,
1343 3354 1379 3412 et
1390 3341 1455 3412 scit
1471 3368 1560 3437 quae
1576 3372 1654 3420 mea
1670 3376 1808 3448 semper
1820 3358 1860 3428 in
1877 3355 1934 3432 his
1949 3364 2053 3453 teptis
2069 3369 2199 3436 confu-

176 3468 291 3529 meae,
317 3456 351 3512 et
372 3466 418 3510 ne
440 3440 526 3534 quid
551 3441 762 3532 suspicionis
773 3437 799 3536 ¹)
820 3443 948 3513 itinera
970 3444 1046 3514 eius
1065 3448 1162 3516 adfe-
1213 3441 1374 3513 sionibus
1400 3444 1566 3518 voluntas
1584 3449 1701 3527 fuerit.
1763 3456 1861 3529 Bene
1881 3465 1960 3534 vale
1980 3480 2012 3535 et
2035 3469 2198 3541 rescribe.

177 3557 268 3617 rant.
318 3542 401 3613 Non
425 3543 520 3611 enim
539 3565 661 3633 regum
684 3545 826 3634 negotia
850 3545 1068 3635 circumfert,
1100 3552 1162 3619 sed
1212 3541 1280 3613 Die
1300 3542 1358 3612 17.
1374 3539 1537 3637 Augusti.
1979 3572 1984 3595 ’

176 3644 385 3716 Academias
403 3642 593 3735 perlustrat
615 3657 648 3714 et
670 3670 750 3716 cum
772 3647 859 3715 viris
880 3648 992 3717 doctis
1005 3651 1161 3744 colloqui
1900 3664 2119 3762 Philippus,¹

175 3749 304 3820 studet
359 3741 413 3818 Ac
441 3768 536 3815 nunc
570 3742 797 3818 Academiam
828 3746 1097 3822 Cracoviensem
1127 3768 1162 3823 et
1665 3812 1668 3817 .

63 3879 69 3890 ·
175 3848 415 3920 Viennensem
444 3848 608 3917 accedere
636 3849 801 3923 decrevit,
859 3846 951 3919 Cum
972 3850 1082 3940 igitur
1102 3848 1161 3923 hic
1211 3854 2199 3913 ““’“·“·““··““·“·-···-·--------

174 3948 355 4045 Hupertns
369 3962 404 4020 et
418 3948 464 4018 sit
480 3949 538 4016 vir
554 3943 722 4019 honestus
738 3972 778 4018 ac
793 3950 972 4035 eruditus,
991 3966 1025 4023 et
1040 3977 1161 4025 causas
1209 4002 1243 4074 N
1292 4000 1393 4078 5454
2025 3942 2031 3951 ’

174 4047 339 4122 honestas
358 4049 652 4142 peregrinationis
675 4044 820 4135 habeat,
847 4055 1056 4125 commendo
1077 4080 1158 4126 eum
1217 4030 1405 4131 22»
2025 4045 2197 4162 Q

174 4153 340 4220 omnibus
361 4152 466 4219 bonis
480 4151 585 4231 viris,
612 4164 646 4222 et
661 4176 742 4238 oro,
767 4166 808 4223 ut
822 4177 903 4222 eum
918 4156 1086 4226 adversus
1099 4158 1159 4225 in·
1798 4225 1807 4243 ,

173 4251 303 4323 iuriam
324 4251 525 4320 defendant.
573 4250 665 4322 Nam
688 4266 723 4322 et
743 4254 819 4346 ipse
840 4254 917 4323 iura
933 4250 1079 4350 hospitii
1091 4253 1159 4329 ho-
1516 4213 1648 4327 emp·
1676 4217 1890 4330 Aquilae·

172 4368 270 4425 neate
288 4364 408 4426 tuetur
423 4343 468 4444 ²).
519 4348 600 4421 Scio
615 4349 782 4426 honestos
796 4370 831 4427 et
844 4359 1035 4449 prudentes
1049 4360 1158 4447 viros,
1275 4377 1350 4444 †ttx
1367 4398 1459 4455 apogr.
1478 4385 1507 4439 tn
1527 4387 1596 4442 cod.
1614 4388 1700 4446 Paris.
1717 4391 1754 4448 t).
1767 4392 1795 4449 t
1809 4397 1868 4450 w.

171 4454 237 4524 ubi
257 4475 451 4546 paucorum
473 4451 612 4525 diemm
635 4457 889 4530 consuetudine
903 4482 1019 4530 mores
1033 4475 1068 4532 et
1083 4485 1157 4532 ser·
1435 4494 1439 4498 “

169 4577 294 4625 mones
306 4555 381 4624 eius
397 4554 706 4642 consideraverint,
732 4584 795 4628 suo
810 4559 942 4630 iudicio
957 4555 1025 4631 hoc
1038 4587 1157 4632 meum
1207 4544 1244 4624 C
1247 4577 1362 4650 aspa
1373 4581 1419 4626 ro
1446 4556 1664 4658 Aquilae,
1690 4561 1847 4641 Pastori
1860 4570 2047 4647 Ecclesiae
2063 4576 2144 4650 Dei
2158 4586 2199 4654 in

171 4655 414 4728 testimonium
438 4655 729 4747 comprobaturas
744 4682 835 4745 esse,
860 4674 894 4730 et
906 4661 1062 4733 libenter
1076 4662 1158 4735 Hu-
1215 4736 1219 4745 ,
1296 4746 1299 4755 ¹
1518 4662 1653 4760 oppida
1666 4664 1874 4748 Salaeldia.

168 4771 308 4851 pertum
332 4759 372 4827 in
394 4757 670 4828 familiaritatem
694 4761 909 4831 admissuros
932 4786 1019 4833 esse.
1077 4760 1157 4836 Oro
1207 4787 1317 4875 S.1)
1378 4803 1587 4883 Revgrende

169 4873 287 4932 autem
311 4860 424 4931 filium
441 4857 526 4946 Dei,
561 4863 741 4930 custodem
756 4857 934 4930 Ecclesiae
955 4887 1038 4933 suae
1053 4889 1156 4956 pere·
1318 4855 1329 4879 ‘

168 4960 345 5053 grinantis
367 4975 401 5032 et
424 4961 614 5049 exulantis,
638 4976 678 5036 ut
698 4976 733 5034 et
746 4956 842 5034 hunc
856 4959 1057 5056 Hupertum
1071 4991 1156 5061 pro-

1608 4819 1664 4887 vir
1680 4832 1715 4892 et
1728 4824 1905 4895 carissime
1919 4828 2037 4909 frater.
2088 4832 2197 4907 Nulla

1206 4930 1275 4975 vox
1295 4904 1475 4978 ardentior
1497 4936 1656 5008 unquam
1678 4920 1717 4990 in
1741 4926 1839 4995 coelo
1861 4929 1949 4998 etin
1964 4945 2059 5003 terra
2074 4938 2198 5008 audita

1207 5020 1276 5091 est,
1304 5030 1410 5100 quam
1429 5016 1585 5100 precatio
1599 5020 1665 5091 filii
1679 5019 1748 5094 Dei
1765 5027 1802 5094 in
1820 5049 1951 5117 agone,
1975 5035 2015 5102 in
2031 5054 2105 5128 qua¹
2118 5040 2204 5113 orat

203 5193 233 5263 1)
249 5187 438 5255 substitionis,
459 5204 552 5262 apogr.
560 5209 591 5246 ex
603 5195 711 5250 mendo.

200 5293 229 5361 Ι)
251 5292 321 5350 eoa.
338 5299 458 5348 taratra.
1242 5239 1409 5368 ‘lemme'
1424 5245 1609 5387 :stimate
1622 5251 1746 5324 epistota.
1777 5257 1929 5333 *Caeternm
1944 5268 2056 5342 videp.
2068 5272 2197 5389 Ι116161.
