4776 6024
179 303 228 375 23
755 280 1184 362 EntsaoantttJM
1231 285 1339 360 LlB.
1362 285 1444 364 Xll.
1498 287 1631 365 1668.
2164 287 2217 361 et

184 468 389 562 copationes
410 458 517 537 noeti.
564 454 663 527 Bene
685 471 720 530 et
735 456 885 535 feliciter
898 458 988 530 vale.
1039 458 1104 534 22.
1119 451 1176 526 la·
1226 471 1350 534 strum.
1400 453 1503 528 Nihss
1518 457 1614 527 enim
1628 481 1648 527 a
1662 455 1764 526 vobis
1777 455 1960 527 literarum
1976 468 2056 547 post
2073 455 2142 531 iter
2155 481 2218 528 ve-

187 569 317 643 nuarii.
1227 571 1339 629 strum
1360 560 1488 650 accepi.
1539 556 1642 629 Nunc
1660 581 1725 650 pro
1749 582 1825 627 mea
1848 557 2003 629 amicitie
2023 558 2087 630 aba
2104 570 2220 653 tepo-

1227 660 1339 746 stulo,
1363 671 1404 732 ut
1425 654 1514 729 mihi
1536 660 1666 729 scribas
1681 671 1715 728 et
1730 660 1775 728 de
1790 654 1948 729 Ecclesia
1961 672 2096 745 vestra,
2121 673 2158 731 et
2173 662 2220 733 de

1228 761 1341 834 vobis.
1366 759 1475 832 Mitto
1491 761 1559 830 tibi
1572 760 1780 831 fasciculum
1795 759 1979 831 literarum
1992 753 2221 851 Dactdtst),

185 898 241 971 No
275 894 375 969 5320
1008 910 1066 970 24·
1087 896 1151 962 lm·
1229 885 1381 954 quarum
1411 887 1468 932 eas
1493 885 1583 955 quae
1606 854 1838 954 Augustanis
1862 862 2011 954 scriptae
2030 873 2116 933 sunt
2139 862 2220 933 istic

192 950 387 1025 ..ἐπ’
639 958 645 971 ’
998 988 1170 1020 νυν
1229 957 1405 1033 exhibeto.
1455 962 1596 1033 Alteras
1614 986 1694 1033 meo
1716 962 1818 1033 fratri
1842 963 1988 1054 scriptae
2002 975 2037 1034 et
2051 959 2218 1033 Marta-

536 1090 649 1204 (χρὴ.
680 1090 829 1175 Libia·
1230 1055 1312 1132 cleia
1326 1065 1427 1135 mitte
1442 1064 1706 1158 quamprimum
1722 1063 1866 1155 poteris.
1905 1061 2004 1134 Bene
2020 1076 2056 1135 et
2067 1064 2220 1137 feliciter

259 1257 279 1324 t
297 1252 335 1308 Ει
350 1269 444 1326 apogr.
456 1247 485 1305 tn
501 1250 563 1307 cod.
576 1249 663 1305 Μ.
680 1250 719 1306 n,
734 1250 767 1308 1,
779 1248 840 1306 54³.
1228 1166 1322 1252 '³102
1348 1178 1384 1237 et
1397 1166 1561 1242 rescribe.
1610 1162 1678 1236 Die
1694 1165 1935 1236 conversionis
1950 1162 2066 1239 Pauli.

191 1396 358 1475 Christ
369 1397 543 1501 oplsora
556 1393 718 1487 Lilia,
735 1392 889 1471 Pastori
900 1396 1090 1472 Ecclesiae
1102 1396 1181 1473 Dei

424 1503 465 1573 in
483 1494 617 1598 oppida
636 1496 943 1596 Tangermanda.
1229 1528 1296 1601 No·
1314 1526 1427 1605 5322⁶

191 1638 239 1726 S.
271 1652 316 1728 D.
350 1640 585 1722 ‘Venerande
613 1650 669 1720 vir
689 1663 724 1721 et
745 1650 922 1721 carissime
944 1652 1063 1725 frater.
1113 1650 1179 1724 Est
1236 1625 1407 1655 m

192 1755 339 1822 omnino
361 1777 484 1822 verum
507 1766 609 1822 vetus
624 1752 775 1822 dictum:
812 1773 907 1822 sacra
923 1775 976 1822 res
991 1754 1177 1824 consilium
1576 1711 1672 1799 Ad·
1702 1712 1863 1802 cum·

192 1865 254 1927 est.
313 1853 386 1923 Nec
414 1849 590 1923 humanae
617 1852 744 1921 mentis
772 1853 846 1923 acie
873 1853 1027 1945 prospici
1058 1855 1177 1924 omnia
1297 1870 1372 1938 ψει
1389 1876 1483 1946 apogr.
1500 1872 1530 1928 tn
1548 1872 1618 1931 cod.
1634 1872 1721 1930 Parta.
1739 1871 1890 1931 Μῦν.

191 1967 350 2045 possunt.
402 1952 471 2024 Sed
495 1955 650 2023 orandus
672 1964 723 2024 est
734 1950 851 2036 Deus,
885 1968 926 2025 ut
949 1955 1024 2044 ipse
1044 1970 1079 2025 et
1093 1981 1179 2025 con-

192 2055 271 2123 silia
286 2054 391 2124 nobis
403 2056 582 2135 ostendat,
608 2067 643 2124 et
658 2054 828 2145 gubernet
844 2069 1002 2130 eventus.
1051 2052 1100 2129 Et
1114 2052 1179 2127 hos
1230 2024 1283 2102 D·
1310 2024 1494 2150 ΜΡΝ,
1517 2022 1687 2115 cume
1726 2026 1869 2102 ‘immi
1893 2024 2144 2149 Eml'fllum
2178 2032 2219 2104 ‘⁰⁰

192 2177 314 2225 versus
330 2177 432 2247 saepe
447 2169 583 2248 repeto:
1230 2127 1401 2204 Ecclesia
1415 2130 1492 2203 Dec
1506 2159 1547 2203 en
1563 2130 1706 2230 cncly‘la
1722 2132 1808 2203 urbe
1826 2128 1866 2205 V
1864 2129 2076 2218 rateslavea,
2091 2134 2221 2235 fratri

277 2281 459 2365 συμβουλὴν
479 2279 606 2366 ἀγαθὴν
626 2281 677 2344 acl
698 2278 846 2366 ἀφορμὴν
869 2281 1042 2363 inopiam
1615 2259 1686 2307 ⁸³⁰
1702 2258 1767 2306 ΜΓ
1767 2233 1831 2341 133·

277 2364 491 2448 capitolitium
511 2365 579 2446 le⁴⁰²
600 2363 657 2442 δὸς
676 2363 796 2452 πατρὸς
817 2365 921 2431 (111101)
932 2368 986 2452 *l
1230 2364 1280 2453 S.
1306 2381 1353 2451 D.
1406 2380 1614 2454 Reverende
1634 2383 1692 2453 vir
1713 2396 1747 2454 et
1762 2383 1878 2456 caries.
1896 2382 2014 2458 frater.
2068 2379 2110 2452 ln
2125 2384 2218 2453 dan·

193 2482 343 2557 Senatus
363 2479 740 2577 Brandenbargensis
765 2500 846 2556 ante
869 2487 1002 2580 aliquot
1025 2490 1100 2561 dies
1124 2515 1180 2560 me
1231 2482 1286 2552 dis
1308 2483 1466 2553 consiliis
1489 2485 1534 2555 sit
1555 2507 1658 2555 causa
1680 2478 1846 2569 honesta,
1871 2484 1928 2573 pia
1951 2497 1987 2555 et
2004 2485 2220 2575 probabilis:

193 2587 319 2671 oravit,
343 2599 384 2656 ut
399 2587 464 2656 tibi
478 2586 543 2653 sim
562 2580 732 2670 hortator,
751 2599 791 2656 ut
804 2588 1094 2675 gubernationem
1110 2588 1180 2660 Ec·
1230 2597 1265 2653 et
1286 2584 1393 2653 timul
1416 2586 1572 2653 orandus
1589 2582 1768 2671 estDoue,
1802 2600 1842 2656 ut
1854 2585 2025 2675 gubernet
2039 2600 2221 2672 eventum,

195 2685 318 2755 clesiae
337 2685 693 2777 Brandenburgensis
714 2687 895 2777 suscipias.
945 2688 1049 2760 Tunc
1072 2693 1180 2781 igitur
1229 2685 1319 2754 sicul
1340 2686 1591 2774 scriptumest:
1619 2688 1824 2756 commenda
1842 2684 1918 2755 Deo
1932 2686 2023 2755 vitm
2037 2698 2155 2771 tuam,
2181 2701 2220 2758 et

194 2788 238 2855 ad
256 2788 509 2877 eosepistolam
525 2789 604 2856 misi
624 2788 689 2857 tibi
708 2787 929 2877 inscriptam,
954 2794 1104 2862 sednon
1119 2818 1179 2862 co-
1229 2808 1329 2876 spera
1351 2786 1390 2853 in
1412 2810 1511 2870 eum,
1542 2800 1578 2855 et
1603 2786 1677 2878 ipse
1696 2789 1807 2858 faciet.
1859 2781 2220 2877 Adhuciudicopias

194 2888 302 2975 gitavi
325 2891 369 2956 de
391 2886 567 2957 Goslaria.
614 2883 693 2956 Etsi
716 2901 831 2956 autem
855 2889 893 2955 in
913 2905 1062 2982 utraque
1081 2908 1179 2983 parte
1229 2900 1263 2954 et
1278 2908 1399 2973 graves
1413 2909 1533 2954 causas
1549 2886 1655 2957 scrisse
1669 2913 1744 2957 non
1758 2889 1960 2959 discedendi
1976 2912 2017 2957 er
2032 2884 2218 2959 urbeAri-

194 2987 349 3078 pericula
369 2988 491 3071 video,
521 3001 638 3056 tamen
662 3010 766 3079 quam
787 2987 895 3056 fuerit
912 2989 1069 3082 inquieta
1085 2990 1179 3063 Gos.
1228 2985 1424 3058 stocratica.
1473 2984 1674 3057 Plurimum
1690 2991 1785 3059 enim
1802 2991 1926 3076 refert,
1950 2990 1990 3058 in
2007 2989 2138 3059 talibas
2154 3014 2218 3059 ur-

194 3087 281 3156 laria
295 3087 416 3155 multis
430 3088 534 3156 anuis
550 3086 714 3165 vidimus,
740 3100 775 3156 et
788 3087 968 3163 difficilior
982 3104 1033 3160 est
1048 3094 1178 3180 guber·
1228 3086 1333 3157 bibus
1354 3109 1428 3156 esse
1450 3087 1544 3158 viros
1566 3103 1659 3159 recte
1681 3092 1870 3160 sentientes
1887 3104 1921 3161 et
1937 3091 2155 3175 moderatos,
2180 3104 2217 3161 et

194 3188 291 3257 natio
310 3188 347 3255 in
362 3188 433 3257 illis
448 3187 661 3260 turbulentis
676 3187 888 3259 civitatibus.
931 3189 1042 3282 Spero
1061 3193 1099 3261 in
1114 3189 1178 3264 hac
1228 3211 1301 3257 non
1317 3187 1537 3261 tribunicios.
1571 3185 1779 3262 Oroautem
1795 3189 1928 3276 Deum,
1953 3204 1994 3262 ut
2011 3215 2217 3261 nosomnes

193 3288 324 3357 vicinia
342 3303 375 3359 te
392 3291 472 3381 plus
487 3288 756 3379 tranquillitatis
769 3283 974 3360 habiturum
989 3316 1072 3363 esse.
1098 3293 1177 3365 Hoc
1227 3290 1398 3377 gubernet
1414 3281 1484 3380 ”).
1521 3288 1620 3363 Beue
1634 3307 1669 3364 et
1684 3294 1833 3362 feliciter
1851 3294 1936 3363 valo.
1979 3288 2047 3362 Die
2064 3317 2216 3362 conver-

125 3387 130 3395 '
193 3401 308 3458 autem
335 3391 487 3481 primum
519 3391 608 3461 scire
638 3386 997 3480 Brandenburgenses
1028 3411 1176 3487 oportet,
1227 3390 1336 3459 sionis
1350 3386 1465 3460 Pauli.

192 3512 238 3558 an
251 3485 415 3560 Marchio
431 3489 575 3562 Elector
595 3491 829 3579 permissurus
849 3494 911 3577 sit,
942 3508 982 3564 ut
1004 3506 1038 3565 tc
1059 3486 1175 3567 accer—
1464 3486 1469 3531 ³
1912 3488 2113 3588 Philippus.

192 3602 281 3661 sant.
314 3588 412 3759 plene
430 3606 465 3664 et
478 3594 628 3664 feliciter
642 3593 738 3678 valo,
763 3593 940 3665 carissime
954 3597 1072 3672 frater.
1108 3599 1175 3669 Die

190 3689 385 3762 Timottei.

927 3790 1124 3889 Phffil’l'ffi·
1236 3855 1429 3932 Nosses.
2064 3873 2119 3939 ce.
2135 3864 2201 3932 ι...
2280 3810 2290 3825 ’

1228 3952 1441 3993 ⁹⁸⁶⁹
1563 4050 1622 4134 Η.
1648 4039 1858 4135 Besolclo.
2155 4033 2158 4038 ’

1291 4205 1313 4276 †
1330 4203 1368 4258 Er
1380 4222 1476 4276 apogr.
1491 4208 1520 4261 in
1531 4206 1594 4262 cod.
1607 4205 1692 4275 Goth.
1708 4208 1748 4263 19.
1767 4226 1794 4278 p.
1810 4203 1891 4263 toth.

200 4148 267 4223 No.
292 4147 407 4226 6621.
1031 4158 1172 4282 Q

192 4245 404 4286 m

482 4333 535 4420 G·
566 4335 877 4425 Hammamw.
1226 4357 1270 4432 V
1265 4357 1448 4432 enecando
1472 4362 1549 4434 ciro
1572 4360 1773 4435 eruditione
1796 4374 1828 4435 et
1846 4363 1977 4437 valate
1988 4364 2211 4460 praestanti,

254 4488 337 4562 Epist.
354 4489 400 4546 ιη),
415 4490 449 4547 ιι,
466 4489 557 4563 ptoo
568 4509 610 4564 η,
631 4492 707 4561 (edic
722 4493 812 4552 Lond.
830 4495 877 4553 lib.
892 4495 926 4553 ῃ,
943 4511 985 4567 0¹,
997 4495 1079 4566 m),
1221 4460 1507 4560 Hieronymo
1532 4460 1753 4548 Besctdo,
1792 4463 1935 4538 docenti
1955 4462 2210 4560 Evangeliam

341 4645 349 4664 ο
1221 4563 1260 4634 in
1273 4562 1443 4638 Ecclesia
1456 4565 1536 4667 Dei¹
1547 4567 1588 4639 in
1604 4565 1746 4660 inclyta
1761 4564 1982 4663 Naribcrg'a,
1999 4564 2128 4668 fratri
2140 4592 2211 4638 sao

185 4641 862 4767 D.GarlleelmoHausmanno,
884 4648 1027 4723 docenti
1038 4650 1171 4727 Evan-
1616 4668 1808 4742 carissimo

448 4746 523 4846 μὴ
541 4746 732 4917 Δι’-ΨΜ
751 4746 903 4824 ded'
1219 4802 1268 4891 S.
1293 4814 1338 4887 D.
1388 4816 1597 4888 Venerande
1612 4819 1668 4889 vir
1685 4834 1720 4891 et
1734 4821 1848 4893 caries.
1860 4782 1985 4892 frater.¹
2032 4788 2146 4887 Velut
2160 4816 2210 4887 11-

184 4880 231 4970 S.
256 4892 300 4971 D.
336 4894 793 4985 CharissimeGacllcclme,
818 4897 909 4971 Cum
925 4915 959 4974 et
974 4904 1168 4977 officiosum
1219 4920 1282 4989 lud
1312 4942 1414 5010 saepe
1447 4916 1536 4989 mihi
1568 4922 1732 4993 venitin
1756 4935 1910 4991 mentem
1936 4916 2005 4999 hoc
2029 4932 2208 5011 tempore:

183 4991 364 5070 hominem
388 5016 422 5072 te
447 5005 692 5094 cognoverim,
725 5017 760 5074 et
780 5002 886 5073 sciam
909 5017 945 5075 te
973 5004 1169 5097 intelligere
1207 5074 1210 5079 e

180 5117 352 5193 quantum
376 5117 493 5174 nostra
515 5108 659 5192 referat,
683 5104 773 5177 scire
794 5129 884 5199 quae
906 5107 977 5175 sint
1001 5130 1080 5196 erga
1105 5135 1167 5180 vos

180 5204 361 5275 saniorum
389 5203 605 5291 voluntates,
644 5201 747 5277 valde
769 5207 881 5277 miror
902 5206 1082 5280 silentium
1106 5212 1166 5281 ve·
1248 5187 1434 5315 2⁰h⁷¹m³·
1616 5271 1624 5289 ,
1694 5268 1730 5286 ,.
1993 5270 2000 5286 ,

1287 5277 1297 5340 )
1316 5273 1410 5343 Quum
1424 5273 1544 5335 Curcum
1566 5282 1596 5326 at
1616 5270 1777 5338 intelligutur
1793 5287 1825 5322 ex
1836 5288 1880 5341 ep
1893 5269 1927 5325 acl
1941 5268 2103 5325 Mollem
2118 5268 2147 5325 e.
2158 5269 2206 5324 66.

1283 5344 1332 5401 lut.
1350 5342 1422 5398 15⁵2.
1443 5342 1541 5414 scripta
1562 5341 1674 5391 domum
1696 5336 1823 5406 redierit,
1849 5348 1879 5392 ut
1891 5339 1928 5392 ibi
1941 5339 2034 5393 locum
2050 5348 2205 5410 quaereret,

211 5408 240 5473 ')
260 5409 401 5493 Leguntur
413 5409 442 5462 in
458 5409 525 5465 Mel.
538 5408 733 5482 Epigrammat.
751 5430 779 5482 p.
791 5412 835 5469 39.
1282 5413 1348 5466 haec
1361 5432 1403 5483 ep.
1423 5413 1522 5480 scripta
1540 5407 1646 5466 videtur
1662 5425 1687 5461 a.
1701 5404 1777 5465 tait.

178 5336 399 5353 ..o-ou·—
