4776 6024
72 244 150 322 558

71 617 192 686 minus
216 614 336 700 inepte
363 626 545 681 mutuatur
570 615 812 685 definitionem
839 641 859 687 a
886 613 1063 687 loriscon-

71 718 193 799 sultis,
220 731 260 786 ut
277 712 486 786 Malxenda.
536 711 650 785 Error
665 732 781 788 autem
798 719 837 787 iu
858 719 1064 789 delinitione

70 821 153 889 fons
177 832 228 888 est
251 816 379 886 deiude
403 815 597 885 multorum
625 841 798 892 errorum.
852 818 922 891 Ubi
946 834 1063 890 autem
1088 780 1093 895 l

70 923 171 991 locus
195 919 240 988 sit
262 917 463 986 forensibus
486 917 771 1005 delinitionibus,
802 945 884 990 cum
902 922 1064 992 videlicet

69 1025 115 1093 de
131 1021 293 1092 doctrina
312 1042 459 1108 operum
475 1019 617 1105 dicitur,
642 1021 677 1088 id
693 1023 733 1091 in
746 1019 915 1094 Ecclesiis
933 1024 1062 1095 nostris

67 1125 253 1218 perspicue
272 1121 474 1211 explicatur.

173 1224 312 1295 Deinde
335 1222 420 1315 quid
446 1245 544 1291 mens
566 1225 810 1315 perterrefacta
827 1226 978 1311 iudicat,
1003 1252 1060 1297 re-

69 1352 198 1400 rumne
219 1348 264 1395 an
283 1324 469 1392 verborum
489 1324 743 1395 dissensionem
760 1350 853 1412 csse,
879 1353 958 1397 cum
974 1329 1058 1398 dicit

69 1455 138 1498 vox
160 1426 362 1515 Evangelii:
401 1419 472 1493 Per
500 1422 790 1496 misericordiam
815 1438 962 1527 propter
976 1424 1062 1521 filii

68 1524 311 1600 obedientiam
328 1522 419 1594 iusti
431 1551 559 1598 soncos
578 1552 700 1597 coram
718 1527 828 1599 Deo?
879 1528 1058 1602 Osiander

67 1632 204 1724 iuquit,
238 1629 320 1698 iusti
343 1652 464 1697 sumus
487 1643 628 1722 propter
651 1632 820 1703 iustitiam
837 1635 1055 1703 essentialem

66 1734 195 1825 patris,
220 1730 305 1815 lilii,
331 1744 366 1799 et
382 1729 538 1819 Spiritus
561 1734 683 1804 sancti.
744 1733 849 1805 Item:
882 1732 974 1805 Cum
998 1735 1055 1802 in-

67 1846 298 1926 terpretatur,
331 1830 506 1902 iustificati
530 1834 719 1923 sanguine,
754 1835 887 1921 idest,
921 1835 1057 1904 divini-

68 1950 150 2010 tate.
200 1933 334 2004 Notum
350 1949 400 2002 est
416 1935 533 2019 etiam,
559 1939 730 2027 qcrosdam
748 1950 839 2006 terra
859 1950 892 2008 et
908 1930 1055 2032 δύσφη-

64 2063 118 2130 μα
136 2035 263 2106 dixisse
281 2038 323 2103 de
338 2037 507 2123 sauguine
523 2033 674 2121 Christi,
700 2062 789 2131 quos
809 2040 928 2130 puniri
947 2065 1053 2129 opor-

65 2142 143 2223 tuit,
170 2154 202 2207 et
218 2151 360 2228 propter
374 2137 522 2224 gloriam
539 2134 682 2223 Christi,
708 2154 743 2209 et
760 2141 908 2231 exempli
923 2163 1053 2213 caussa.

166 2240 235 2312 Sed
260 2242 302 2308 de
324 2239 497 2327 ambiguis
515 2241 681 2313 dicamus.
733 2238 882 2310 Etiamsi
901 2242 940 2309 iu
957 2266 1052 2309 com-

63 2344 164 2413 muni
187 2365 346 2411 sermone
371 2342 535 2428 ambigua
560 2343 670 2411 rnulta
694 2343 860 2413 excidunt
874 2343 1052 2423 omuibus,

63 2459 184 2516 tamen
219 2442 409 2512 necessaria
437 2467 519 2511 cura
547 2457 598 2513 est
624 2443 662 2510 in
688 2446 913 2530 dogmatibus
939 2444 1052 2514 vitare

63 2547 249 2635 ambigua,
274 2543 454 2627 insidiosa,
483 2558 516 2612 et
535 2543 689 2633 paritura
707 2546 893 2615 dissimiles
909 2546 1048 2634 opinio-

62 2671 147 2733 nes,
179 2660 214 2716 et
237 2646 440 2718 discordias.
492 2645 572 2713 Non
597 2660 647 2715 est
673 2646 769 2714 enim
791 2650 916 2716 «locere
932 2644 1049 2716 homi-

61 2774 125 2819 nes
132 2800 143 2831 ,
168 2772 329 2838 sporgere
347 2748 438 2817 dicta
457 2747 655 2840 flexiloqua,
680 2751 741 2817 sed
762 2772 876 2818 serere
892 2749 1050 2835 dissidia,

62 2867 96 2922 et
110 2865 274 2944 tanquam
291 2854 410 2943 μῆλον
427 2843 547 2943 ἔριδος
561 2849 785 2919 auditoribus
800 2851 965 2926 obiicere.

162 2951 206 3022 ln
229 2951 424 3045 Syrxniensi
448 2951 593 3044 Synodo
621 2952 865 3022 existimarunt
892 2954 1049 3046 qnidam,

60 3055 242 3125 distractas
250 3051 426 3124 Ecclesias
441 3077 560 3122 rtusus
578 3053 747 3144 coniungi
765 3079 863 3147 posse
879 3051 945 3125 hoc
960 3079 1047 3126 con·

61 3158 159 3239 silio,
198 3158 227 3225 si
248 3180 288 3223 ex
311 3154 481 3249 Symbolo
507 3156 717 3227 eximeretur
738 3182 805 3226 vox
831 3150 1047 3249 ὀμοούσιον,

59 3274 94 3329 et
119 3258 279 3348 generale
316 3259 462 3326 verbum
497 3253 627 3348 iiytotov
650 3258 875 3333 insereretur.
936 3257 987 3329 lta
1017 3261 1044 3327 si

58 3359 269 3452 Symbolum
293 3360 337 3428 ab
363 3374 511 3451 utraque
536 3374 631 3448 parte
647 3374 823 3467 receptum
841 3374 946 3444 esset,
973 3362 1047 3429 coi-

58 3473 154 3532 turas
170 3486 242 3531 esse
257 3458 443 3542 Ecclesias,
471 3483 533 3527 nec
549 3461 691 3541 referre,
718 3461 855 3528 etiamsi
872 3461 933 3528 alii
949 3462 1046 3530 aliud

55 3562 94 3631 in
120 3564 276 3631 dictione
300 3555 430 3648 ὅμοιον
454 3560 709 3645 intelligerent,
743 3561 824 3652 quia
844 3562 936 3627 idem
956 3560 1047 3628 utri-

54 3684 125 3756 que
142 3673 320 3730 sonarent.
373 3657 441 3727 llic
461 3653 658 3729 cothurnus
673 3661 783 3750 magis
797 3659 894 3731 auxit
910 3659 1045 3730 discor-

55 3764 144 3833 dias.

159 3860 295 3949 Regula
316 3860 426 3951 igitur
439 3859 539 3930 Pauli
556 3860 687 3930 talibus
701 3861 858 3932 consiliis
871 3862 1045 3932 antefera-

55 3982 137 4051 tur,
170 3966 230 4057 qui
256 3965 353 4034 iubet
377 3967 526 4034 formam
549 3964 702 4033 retinere
725 3988 892 4034 sanorum
919 3965 1043 4033 verbo-

52 4095 154 4153 rum,
178 4068 299 4151 idest,
325 4082 436 4136 certos
462 4068 630 4159 loquendi
655 4069 797 4150 modos,
824 4081 864 4138 ut
891 4067 1041 4136 docendi

54 4173 144 4242 ratio
174 4170 339 4259 postulat.
405 4167 451 4238 Et
478 4172 521 4236 ad
546 4164 677 4260 Ephes.
709 4169 897 4262 praecipit,
937 4168 1040 4239 vitari

51 4270 210 4368 κυβείαν
225 4287 258 4340 et
273 4266 520 4366 πανουργίαν.
786 4338 789 4343 ,

154 4374 252 4462 Quid
277 4386 327 4440 est
349 4386 463 4440 acuent
482 4390 553 4442 tam
570 4370 685 4441 simile
706 4371 817 4455 ludis,
843 4383 878 4441 et
893 4371 1041 4462 praesti-

48 4477 136 4567 giis,
171 4499 278 4567 quam
304 4473 340 4541 in
367 4476 537 4563 populum
561 4474 725 4561 ambigue
747 4473 840 4542 (licta
856 4474 1042 4562 spargere?

49 4577 158 4670 Quod
184 4600 227 4644 ue
246 4576 360 4655 lieret,
384 4575 552 4667 Symbola
572 4576 713 4644 condita
731 4589 832 4654 sunt,
859 4588 892 4643 et
908 4576 1040 4643 formae

48 4678 220 4774 loquendi
245 4677 494 4765 praescriptae,
521 4702 610 4769 quac
633 4678 719 4745 olim
739 4674 901 4746 Canones
921 4676 1038 4743 nomi-

47 4785 248 4862 nabantur,
277 4779 371 4869 pleni
390 4778 617 4860 eruditionis,
644 4804 706 4866 pro
724 4778 853 4872 quibus
868 4778 1040 4868 proteriur

640 216 1072 322 narsrouxnoix
1125 239 1341 327 mauu.
1393 247 1524 329 ross.
1635 318 1640 331 .

73 409 264 483 humanus.
316 405 412 497 Quid
433 402 518 477 haec
536 410 577 477 ad
596 407 699 480 Pauli
714 413 868 483 dictum:
896 406 1073 482 Credentc‘

66 509 167 610 fides
200 510 404 606 imputatur
431 504 486 578 ad
509 508 721 581 iustitium?
784 513 967 584 Ftrrrckicxs
993 539 1067 585 non

2040 256 2116 335 554

1123 435 1198 482 una
1216 435 1252 482 rc
1266 411 1459 485 unicorne!
1473 415 1702 515 perspicuam
1720 415 1835 516 legem
1851 446 1926 493 csse
1943 433 2116 520 oportere.

1124 510 1169 584 Et
1194 512 1294 586 Plato
1316 518 1519 589 dulcissime
1543 520 1661 615 inquit
1683 522 1722 592 iu
1744 540 1870 618 quarto
1894 527 1938 595 de
1960 527 2115 615 legibus:

1121 612 1166 687 οὐ
1188 608 1260 689 δύο
1280 613 1365 714 περὶ
1389 614 1492 706 ἑνὸς,
1527 617 1619 693 ἀλλὰ
1641 619 1707 696 tvo
1734 622 1816 720 aspi
1838 622 1921 707 ἑνὸς
1927 678 1940 713 ,
1974 623 2030 698 ἀεὶ
2056 623 2117 700 δεῖ

1119 710 1232 816 λόγον
1252 714 1545 816 ἀποφαίνεσθαι.
1598 721 1647 795 Εῑ
1669 728 1852 797 notissima
1876 730 1922 798 sit
1945 729 2113 801 omnihus

1117 821 1316 892 admonitio
1332 820 1542 916 Syracidae,
1566 827 1631 919 qui
1653 828 1724 914 ait,
1749 827 1824 900 Deo
1848 843 1881 900 et
1902 825 2112 902 hominibus

1117 920 1289 1009 ingratam
1317 946 1390 991 esse
1412 920 1655 1017 sophisticam:
1690 925 1791 1001 ἐστὶν
1810 925 2052 1025 σοφιζόμενος
2070 932 2111 1005 ἐν

1115 1015 1238 1144 ldyotc
1261 1019 1432 1118 μισητὸς,
1471 1024 1541 1098 οὐκ
1569 1023 1687 1126 ἐδόθη
1718 1028 1823 1128 αὐτῷ
1848 1028 1950 1128 παρὰ
1973 1029 2108 1130 κυρίου

1110 1148 1230 1219 yepes.
1898 1210 1901 1216 ,

1216 1225 1312 1296 Haec
1330 1229 1373 1297 de
1387 1229 1561 1319 ambiguis
1578 1231 1707 1302 dixisse
1726 1233 1809 1305 satis
1827 1235 1884 1318 sit,
1910 1260 1949 1305 ac
1963 1253 2108 1329 propter

1112 1325 1261 1414 gloriam
1287 1326 1372 1414 Dei,
1407 1345 1441 1400 et
1470 1346 1615 1422 propter
1643 1336 1790 1405 salutem
1820 1338 2038 1423 animarum,
2073 1351 2107 1407 et

1115 1428 1292 1517 publicam
1318 1426 1497 1500 Ecclesiae
1527 1436 1772 1519 concordiam,
1810 1438 1986 1506 discamus
2015 1452 2107 1508 recte

1113 1528 1310 1620 intelligere
1334 1552 1535 1601 sermonem
1559 1533 1743 1617 divinum,
1770 1549 1805 1605 et
1828 1562 1929 1623 eum,
1952 1553 1992 1609 ut
2008 1542 2108 1612 decet

1111 1629 1260 1716 legatos,
1293 1633 1386 1699 bona
1413 1632 1500 1716 lide,
1536 1634 1722 1724 perspicuo
1755 1660 1883 1725 genere
1918 1642 2105 1724 orationis,

1110 1731 1187 1800 siue
1209 1732 1440 1823 corruptelis,
1466 1735 1542 1803 sine
1559 1736 1786 1828 imposturis,
1813 1753 1847 1809 et
1862 1741 1938 1809 sine
1955 1744 2105 1832 praesti-

1108 1831 1174 1920 giis
1190 1829 1366 1903 Ecclesiae
1384 1859 1636 1927 proponamus.
1674 1835 1721 1908 Et
1741 1841 1783 1908 ad
1804 1834 1900 1911 hunc
1920 1843 2102 1912 difficilem

1108 1934 1264 2002 laborem
1300 1936 1534 2023 adiungamus
1561 1937 1737 2007 assiduam
1764 1954 1798 2008 et
1825 1945 2006 2011 ardentem
2034 1941 2101 2014 Dei

1107 2035 1390 2119 invocationem,
1420 2049 1453 2106 et
1478 2051 1656 2127 petamus,
1689 2053 1730 2109 ut
1752 2065 1826 2109 uon
1841 2045 1957 2113 solum
1982 2046 2020 2113 in
2045 2047 2101 2115 di-

1105 2139 1256 2220 scendo,
1282 2151 1317 2206 et
1334 2137 1371 2204 in
1389 2139 1549 2208 docendo
1571 2140 1664 2210 filius
1679 2139 1746 2210 Dei
1761 2136 1872 2241 λόγος
1885 2147 2019 2215 aeterni
2038 2171 2102 2239 pa-

1108 2237 1172 2305 tris
1188 2262 1252 2307 nos
1270 2240 1461 2327 gubernet,
1484 2242 1546 2309 sed
1563 2241 1668 2311 etiam
1684 2256 1725 2312 ut
1740 2246 1833 2314 adsit
1847 2247 1886 2315 in
1901 2249 2101 2318 ministerio

1106 2335 1310 2428 Evangelii,
1343 2340 1390 2409 sit
1408 2342 1558 2429 efficax,
1600 2359 1634 2414 et
1655 2346 1798 2436 colligat
1821 2347 1896 2441 ipse
1919 2363 2101 2419 aeternam

1104 2437 1300 2510 Ecclesiam
1323 2466 1408 2512 voce
1431 2458 1563 2513 nostra.
1615 2443 1724 2535 Quod
1746 2443 1843 2518 haud
1867 2452 1976 2520 dubie
2001 2451 2098 2535 facit,

1104 2544 1163 2610 sed
1186 2543 1244 2645 ita,
1271 2568 1351 2613 curu
1368 2545 1584 2634 doctrinam,
1608 2572 1714 2641 quam
1733 2550 1894 2638 tradidit,
1920 2575 2099 2639 sonamus,

1104 2667 1178 2713 uon
1197 2646 1425 2735 corruptelas.

1206 2740 1254 2814 Ut
1273 2759 1389 2815 autem
1410 2745 1561 2840 quisque
1583 2748 1843 2821 eruditissimus
1860 2766 1928 2839 est,
1956 2755 2002 2824 ita
2020 2778 2097 2822 ma-

1101 2846 1194 2915 xime
1226 2848 1426 2918 considerat
1456 2850 1737 2936 magnitudinem
1769 2853 1824 2923 sui
1848 2856 2025 2939 muueris,
2060 2871 2096 2927 et

1101 2948 1278 3038 agnoscit,
1322 2948 1360 3017 in
1390 2944 1457 3019 hac
1484 2953 1667 3021 communi
1696 2953 1902 3025 infirmitate
1926 2957 2097 3027 omnibns

1100 3050 1212 3119 mrtlta
1235 3049 1450 3121 inconcinne
1473 3051 1567 3122 dicta
1588 3054 1766 3140 excidere,
1792 3070 1827 3127 et
1842 3057 2012 3129 maiorem
2029 3082 2095 3129 cu·

1099 3175 1175 3222 ram
1210 3150 1424 3223 indicendo
1454 3148 1613 3228 adhibet.
1681 3152 1815 3226 Contra
1845 3157 1980 3233 indocti
2013 3174 2098 3231 sunt

1099 3247 1273 3347 φίλαυτοι
1292 3268 1326 3325 et
1350 3256 1516 3335 audaces,
1542 3270 1582 3327 ut
1603 3255 1752 3343 dicitur,
1777 3254 1928 3352 ἀμαθία
1948 3255 2096 3354 θράσος

1099 3348 1355 3450 ἀπεργάζεται.
1406 3355 1477 3428 Sed
1502 3359 1540 3426 in
1556 3352 1613 3426 his
1630 3358 1705 3438 illi,
1729 3361 1794 3452 qui
1810 3363 1985 3432 sanabiles
1997 3376 2094 3444 sunt,

1099 3478 1118 3522 a
1134 3456 1431 3543 gubernatoribus
1447 3458 1717 3537 admoneantur,
1736 3473 1776 3528 ut
1793 3461 1959 3550 cogitent,
1977 3486 2093 3556 quan-

1098 3566 1174 3623 tum
1202 3579 1292 3623 onus
1312 3555 1529 3637 sustineant,
1555 3571 1590 3626 et
1611 3558 1683 3628 sint
1705 3558 1947 3649 diligentiores
1969 3564 2007 3633 iu
2030 3590 2092 3635 co·

1098 3656 1309 3742 gnoscendis
1324 3655 1508 3726 doctrinae
1522 3657 1701 3742 fontibus,
1727 3684 1791 3729 nec
1806 3663 2025 3750 existiment,
2051 3688 2090 3734 se

1098 3755 1295 3825 satisfacere
1316 3756 1431 3826 officio
1452 3757 1627 3831 divinitus
1641 3762 1828 3846 mandato,
1852 3764 1881 3833 si
1898 3767 2090 3853 garrulita-

1097 3872 1188 3942 tem,
1223 3871 1259 3927 et
1287 3859 1491 3929 futilitatem
1514 3862 1558 3929 ad
1584 3856 1778 3933 Ecclesiam
1802 3865 1975 3940 adferant.
2034 3863 2092 3937 De

1097 3960 1195 4045 aliis,
1234 3960 1297 4054 qui
1335 3974 1417 4030 suut
1450 3961 1683 4048 insanabiles,
1715 3979 1936 4055 arrogantes,
1969 3968 2088 4059 impu-

1097 4064 1239 4147 dentes,
1274 4063 1493 4145 turbulenti,
1519 4066 1611 4134 faces
1631 4064 1909 4151 discordiarum,
1936 4082 1970 4140 et
1992 4070 2089 4140 sedi.

1097 4165 1255 4248 tionum,
1280 4165 1412 4234 iudicia
1429 4161 1607 4235 Ecclesiae
1625 4168 1871 4242 consulantur.

1195 4264 1297 4334 Hanc
1324 4281 1482 4336 nostram
1501 4262 1733 4354 Orationem,
1758 4283 1799 4340 ut
1821 4269 1908 4339 honi
1922 4271 2088 4339 consula·

1095 4366 1157 4451 tis,
1191 4390 1254 4435 vos
1273 4381 1435 4436 amanter
1454 4391 1607 4437 oramus.
1672 4368 1778 4440 Scitis
1800 4371 1896 4439 enim
1921 4372 2085 4440 divinum

1093 4481 1318 4559 praeceptum
1341 4491 1431 4548 esse,
1457 4482 1498 4539 ut
1519 4470 1557 4538 in
1577 4466 1731 4541 Ecclesia
1754 4473 1841 4543 tales
1860 4474 1945 4541 liant
1958 4475 2082 4541 admo·

1094 4571 1264 4652 nitiones,
1289 4594 1353 4660 per
1366 4593 1453 4663 quas
1468 4569 1565 4641 Deus
1581 4571 1619 4641 in
1637 4571 1815 4667 aliquibus
1832 4574 2001 4644 maiorem
2021 4598 2084 4643 cu·

1092 4696 1167 4741 ram
1187 4684 1279 4741 recte
1295 4671 1446 4741 faciendi
1463 4672 1644 4749 exuscitet.

1205 4769 1363 4844 Oramus
1393 4786 1510 4845 autem
1536 4775 1648 4846 lilium
1671 4771 1761 4859 Dei,
1793 4772 1989 4845 Dominum
2015 4802 2085 4846 no·

49 4899 144 4955 aetas
169 4885 273 4969 louge
298 4881 385 4947 alios
407 4878 571 4948 Canoocs
589 4877 766 4949 Ecclesiae
788 4881 958 4959 obtrusit,
995 4883 1038 4947 de
1091 4874 1336 4946 strumlesum
1353 4871 1557 4959 Christum,
1583 4876 1785 4946 crucifixum
1808 4901 1871 4965 pro
1897 4878 2020 4962 nobis,
2047 4896 2082 4948 et

50 4986 237 5080 tyrannide
256 4983 459 5061 Pontificio,
493 4985 536 5048 de
561 4982 720 5071 aucupiis
743 4985 911 5072 pecuniae
934 4981 1035 5051 insti·
1090 4978 1345 5063 resuscitatum,
1361 4970 1475 5078 λόγου
1487 4973 1552 5050 καὶ
1566 4970 1691 5048 εἰκόνα
1707 4971 1831 5049 ἀΐδιον
1857 4973 1982 5050 ἀϊδίου
2011 5005 2084 5050 πα-

48 5089 189 5157 tuendis
203 5111 264 5178 per
280 5086 365 5153 falsa
382 5084 562 5155 sacrificia.
1093 5076 1192 5172 code,
1216 5080 1277 5170 qui
1301 5093 1395 5148 certo
1417 5079 1486 5149 sibi
1510 5078 1646 5167 colligit
1669 5090 1848 5149 aeternam
1869 5075 2078 5164 Ecclesiam,

149 5188 313 5280 Denique
343 5187 473 5255 scimus
504 5207 644 5262 omnes,
677 5184 864 5274 antiquum
896 5206 1038 5273 praece-
1092 5203 1178 5250 voce
1191 5175 1399 5267 Evangelii,
1425 5193 1459 5249 et
1476 5203 1549 5249 noo
1566 5181 1689 5264 aliter,
1714 5192 1755 5249 ut
1775 5180 1812 5248 in
1831 5176 1896 5252 hac
1915 5182 2082 5272 languida

44 5305 149 5385 ptum
169 5316 261 5369 esse,
296 5306 332 5358 ut
359 5290 395 5358 iu
424 5288 558 5372 iugibus
580 5301 612 5356 et
636 5287 819 5356 sententiis
837 5285 1038 5355 forensibus
1091 5281 1216 5349 mundi
1245 5293 1394 5360 senecta,
1414 5292 1528 5351 servet
1543 5279 1580 5349 in
1596 5278 1788 5352 Germania
1803 5277 1980 5353 Ecclesiae
1996 5281 2098 5359 reli·,

41 5395 256 5485 ambiguitas
273 5393 413 5476 vitetur,
438 5391 530 5462 sicut
546 5383 801 5462 Demosthenes
819 5388 950 5483 iuquit,
975 5382 1039 5455 Dc
1092 5385 1208 5479 quias,
1219 5398 1253 5455 et
1269 5383 1444 5474 gubernet
1456 5406 1524 5454 uos
1540 5406 1676 5472 omnes,
1690 5396 1852 5478 protegat
1868 5377 2085 5476 etiamhanc
