4776 6024
172 186 225 260 98
747 155 1180 244 EPISTOLARUM
1231 155 1445 236 stnxu.
1492 157 1628 235 tosa
1716 262 1719 268 .

171 344 336 418 Pastores
357 354 392 413 ct
406 338 594 417 Doctores,
622 348 658 405 et
682 335 756 426 ipse
777 347 828 404 est
848 333 969 403 efficax
989 354 1073 401 voce
1095 332 1160 399 do·
1208 320 1275 392 No.
1294 317 1409 395 5393.

173 446 340 519 centium.
392 440 513 513 Sumit
532 451 649 507 autem
676 436 858 505 ministros
872 458 913 503 ex
927 429 995 503 hoc
1011 432 1161 520 agmine,
1221 416 1391 445 *Ν

177 547 270 641 qnod
291 543 418 614 didicit
438 540 625 609 lectionem
642 531 936 626 Proplreticorum
956 547 991 604 et
1006 530 1162 624 Aposto-
1550 499 1601 587 G·
1630 503 1855 597 Fabricio.

173 651 324 718 litorum
337 645 537 723 librorum,
561 652 593 709 et
608 640 685 709 vult
704 661 777 706 esse
790 637 906 707 studia
926 636 1106 706 doetrinae
1121 634 1160 700 in
1309 657 1393 731 Epist.
1411 657 1459 715 tit.
1473 657 1506 715 v.
1525 675 1551 729 p.
1565 658 1616 714 tls
1631 678 1672 730 sq.

172 746 351 825 Ecclesia,
381 742 479 836 quod
503 765 580 810 cum
602 739 649 809 sit
678 739 931 822 certissimum,
964 737 1047 830 quia
1075 736 1161 803 scri-
1409 808 1417 826 ι

174 864 278 942 ptum
295 861 363 915 est:
388 844 526 916 attende
539 840 700 925 lectioni,
725 839 961 910 consolationi
983 850 1016 907 ct
1030 836 1162 905 doctri·
1241 804 1392 904 GWK
1400 833 1442 879 ¹⁰
1468 801 1599 880 Fal?
1608 809 1647 924 ἕξ
1657 806 1720 892 ἶθ,
1748 808 1976 904 gubernanti
1999 816 2167 892 scholam

175 973 265 1020 nae:
299 948 477 1016 foveamus
507 937 733 1012 scholasticos
767 955 904 1024 coetus,
939 953 975 1011 et
1005 959 1162 1007 amemus
1581 907 1822 988 MtSmnSem·

177 1048 310 1122 studia.
358 1044 447 1118 Cum
468 1043 576 1134 igitur
597 1067 639 1112 ex
659 1038 725 1112 hac
736 1039 929 1112 Academia
955 1041 1000 1109 ad
1022 1031 1162 1109 Gosla-
1211 1029 1331 1135 Saepe
1353 1044 1462 1114 recito
1484 1041 1634 1112 Homeri
1651 1069 1812 1132 versum,
1839 1072 1944 1142 quem
1969 1063 2003 1120 εἰ
2022 1049 2200 1123 piudan,³

180 1147 315 1220 riensis
342 1144 517 1217 Ecclesiae
545 1143 840 1233 gubernationem
869 1156 1012 1210 vocatus
1042 1140 1087 1208 sit
1107 1139 1163 1205 vir
1210 1146 1348 1215 laudat:
1376 1140 1515 1216 ἐσθλὸν
1527 1140 1591 1215 καὶ
1613 1141 1656 1216 τὸ
1679 1143 1867 1235 τέτυκται,
1891 1145 1942 1221 ὅτ’
1962 1149 2116 1250 ἄγγελος
2140 1154 2197 1224 αἴ-

178 1249 352 1323 honestus
372 1261 406 1318 et
427 1246 586 1317 eruditus
605 1244 777 1332 Magister
793 1237 832 1311 Τ
831 1237 1043 1311 ilemannus
1065 1234 1163 1309 Hee-
1201 1267 1302 1341 ¹rupea
1318 1241 1409 1338 εἰδῇ.
1467 1242 1520 1315 Ac
1543 1247 1655 1337 inepti
1685 1250 1807 1317 nuncii
1836 1274 1938 1341 saepe
1966 1249 2058 1321 mihi
2089 1254 2197 1323 bilem

180 1347 329 1431 husim,
352 1351 517 1419 “decedi
537 1371 618 1417 eum
633 1344 1023 1417 adferretessllmonlum
1039 1343 1083 1410 de
1212 1360 1366 1418 movent.
1416 1345 1521 1416 Nunc
1544 1348 1598 1415 illi
1621 1360 1682 1417 tuo
1708 1350 1913 1433 tabellario,
1940 1356 1997 1423 cui
2018 1368 2052 1424 te
2075 1355 2197 1424 literas

182 1456 314 1527 ctrinae
334 1451 486 1541 puritate
509 1463 544 1519 et
566 1451 611 1517 de
632 1446 736 1518 bonis
757 1446 935 1527 moribus,
959 1443 1099 1534 publice
1126 1442 1162 1509 id
1212 1450 1254 1517 ad
1280 1472 1337 1517 me
1358 1447 1492 1517 dedisse
1513 1448 1637 1531 audio,
1664 1449 1807 1532 irascor.
1858 1449 2058 1525 Meministi
2088 1455 2198 1541 enim,

179 1554 416 1625 testimonium
430 1549 703 1620 renunciabitur
720 1547 779 1616 die
798 1544 889 1615 Maii
906 1545 1100 1627 sedecimo,
1125 1543 1163 1610 in
1214 1573 1269 1618 ms
1285 1548 1440 1636 flagitare
1457 1561 1556 1616 tuum
1577 1548 1747 1617 iudicium
1770 1553 1815 1619 de
1828 1549 1944 1643 Mysia
1954 1547 2009 1650 *)‚
2035 1568 2069 1626 ει
2086 1555 2199 1646 signi.

179 1674 246 1751 qua
259 1652 531 1724 renunciatione
549 1664 584 1720 et
603 1650 715 1741 gradu
731 1646 926 1717 Doctorum
947 1641 1164 1732 Theologiae
1213 1651 1330 1718 ficasse
1353 1661 1385 1716 te
1401 1647 1535 1738 aliquid
1556 1648 1729 1719 existimo.
1781 1645 1900 1740 Opto,
1925 1667 1965 1723 ut
1987 1657 2196 1727 instauratio

177 1756 375 1828 amabitur.
426 1752 519 1822 Nam
536 1764 570 1820 et
582 1774 698 1821 mores
713 1746 852 1820 honesti
878 1760 911 1816 et
933 1747 983 1838 pii
1007 1761 1109 1829 sunt,
1131 1758 1164 1813 et
1215 1764 1294 1820 tuae
1310 1746 1523 1818 Academiae
1547 1751 1592 1818 sit
1616 1750 1727 1818 fausta
1753 1763 1788 1819 et
1805 1752 1899 1825 felix.
1948 1752 2107 1845 Pagella,
2130 1758 2196 1828 tibi

177 1857 375 1928 doctrinam
396 1850 573 1923 Ecclesiae
586 1850 652 1923 Dei
669 1865 760 1921 recte
773 1849 920 1932 didicit,
942 1860 1076 1918 etcum
1101 1846 1164 1915 diu
1213 1853 1331 1931 mitto,
1356 1872 1446 1939 quae
1461 1848 1579 1942 aliqua
1594 1873 1635 1917 ex
1651 1865 1749 1941 parte
1765 1853 1879 1920 studia
1897 1868 2038 1927 nostrae
2058 1858 2196 1928 Acade-

177 1960 265 2029 alios
285 1960 323 2028 in
348 1950 416 2025 hac
431 1951 623 2024 Academia
643 1952 819 2034 docuerit,
846 1964 880 2020 et
899 1975 917 2017 a
938 1949 1042 2018 nobis
1062 1946 1164 2017 audi·
1213 1951 1303 2018 miae
1318 1951 1520 2019 ostendunt.
1570 1948 1774 2019 Serviamus
1789 1947 1966 2024 Ecclesiae
1981 1957 2020 2026 in
2037 1954 2102 2028 hac
2125 1958 2196 2028 mi-

176 2075 235 2130 tus
248 2061 311 2145 sit,
331 2058 486 2129 ostendit
504 2079 539 2124 se
551 2054 714 2145 amplecti
736 2054 977 2141 incorruptam
999 2047 1165 2136 Evango-
1212 2050 1306 2133 litia,
1333 2063 1367 2119 et
1382 2073 1445 2118 nos
1462 2044 1526 2118 bac
1549 2051 1790 2120 consolatione
1806 2053 1929 2126 divina
1951 2072 2197 2144 sustentemus,

177 2163 217 2231 lii
231 2161 448 2243 doctrinam,
473 2173 508 2228 et
528 2157 620 2226 tueri
639 2157 736 2247 pium
761 2176 972 2222 consensum
988 2147 1165 2219 Ecclesia·
1212 2175 1316 2245 quam
1331 2150 1453 2221 recitat
1464 2149 1594 2219 Paulus
1611 2147 1666 2220 his
1682 2154 1816 2236 verbis,
1836 2148 1856 2224 d
1871 2150 1985 2238 κόπος
2000 2154 2111 2252 ὑμῶν
2127 2157 2197 2233 οὐκ

176 2288 258 2336 rum
277 2267 317 2333 in
335 2260 508 2339 Saxonis,
535 2258 597 2350 qui
618 2258 656 2324 in
677 2254 897 2326 consessione
919 2265 1039 2321 nostra
1064 2245 1163 2319 exbi—
1212 2246 1288 2323 ἐστὶ
1300 2245 1405 2331 κενὸς
1420 2250 1460 2323 ἐν
1474 2245 1613 2347 Κυρίῳ.
1664 2250 1761 2322 Bene
1780 2254 1868 2330 vale.
1922 2259 1979 2331 17.
1991 2258 2093 2335 Maii,

178 2363 257 2436 bita
281 2359 490 2451 Imperatori
515 2357 663 2439 Carolo,
697 2380 791 2424 anno
823 2355 951 2439 15³0,
981 2370 1164 2442 expressus

183 2480 251 2536 est.
299 2458 356 2531 Ad
370 2457 463 2527 banc
481 2456 783 2527 renunciationem
800 2469 841 2523 nt
861 2453 1074 2523 conveniant
1087 2448 1164 2519 Do-

184 2579 316 2646 ctores,
338 2558 505 2648 Magistri
526 2571 560 2625 et
585 2551 791 2625 Scholastici
813 2555 852 2621 in
878 2549 946 2621 hac
975 2551 1162 2621 Academia

180 2664 351 2758 petimus,
379 2673 412 2730 et
426 2672 468 2729 ut
482 2655 661 2726 declarent
674 2678 774 2725 suam
789 2652 1070 2723 benevolentiam
1086 2673 1163 2739 erga

179 2789 264 2848 nos,
289 2762 351 2855 qui
362 2761 523 2840 labores,
543 2758 644 2840 odia,
668 2755 823 2848 pericula
837 2766 872 2823 et
886 2776 1069 2821 aerumnas
1081 2775 1162 2844 pro·
1829 2814 1839 2834 ‚

142 2938 145 2943 ,
178 2882 260 2961 pter
271 2860 507 2932 ministerium
522 2858 756 2939 sustinemus,
781 2869 815 2924 et
832 2869 871 2925 ut
891 2853 1102 2942 significent,
1126 2876 1163 2922 se
1511 2807 1588 2895 αθ·
1620 2809 1875 2899 Praewrw·

180 2967 271 3038 velle
291 2987 370 3034 curn
393 2956 459 3030 bac
472 2955 629 3027 Ecclesia
650 2956 858 3025 coniunctos
871 2978 959 3033 esse,
986 2978 1051 3024 nec
1067 2955 1163 3023 dele·
1277 2963 1374 3020 Manttt
1396 2965 1496 3087 targa.
1516 2984 1545 3039 p.
1567 2967 1616 3022 tot
1636 2986 1697 3042 sqq.
1743 2968 1867 3043 Reputo
1886 2970 1915 3025 tn
1934 2969 2002 3027 Met.
2023 2972 2131 3031 consil.
2149 2976 2195 3032 tat.

179 3069 265 3140 ctari
280 3059 587 3142 distractionibus,
611 3070 646 3127 et
658 3071 698 3127 ut
717 3069 856 3125 nostros
868 3055 1018 3145 gemitus
1035 3068 1069 3125 et
1083 3067 1162 3124 vota
1311 3034 1343 3094 P·
1360 3033 1380 3091 ¹·
1395 3053 1423 3105 Ρ·
1488 3072 1497 3090 ·

180 3166 404 3242 invocatione
424 3185 486 3231 sua
509 3159 695 3242 adiuvent,
724 3170 756 3226 et
775 3156 883 3225 simul
903 3156 1021 3225 cuncti
1044 3179 1164 3246 prece-

180 3268 385 3342 murblium
400 3261 488 3345 Dei,
507 3274 548 3330 ut
562 3272 675 3328 servet
692 3258 729 3327 in
747 3253 801 3324 bis
818 3257 1024 3345 regionibus
1040 3253 1163 3324 Eccle-

180 3374 286 3454 siam,
298 3382 331 3438 et
344 3389 410 3436 nos
428 3383 552 3433 omnes
565 3372 601 3430 et
611 3353 979 3429 buncTilemonnum
997 3358 1120 3426 doceat
1131 3370 1165 3426 et

180 3475 370 3567 gubernet,
402 3479 436 3536 et
452 3464 558 3533 saciat
577 3484 643 3530 nos
660 3482 784 3529 omnes
803 3482 884 3528 vasa
901 3457 1165 3527 misericordiae

182 3589 355 3660 etorgana
370 3564 552 3648 salutaria,
566 3576 600 3632 et
615 3555 889 3631 tribuatbarnm
903 3555 1164 3648 regionumEc·
1211 3522 1260 3610 s·
1284 3536 1330 3609 D·
1383 3534 1497 3606 valde
1512 3536 1707 3606 d0l⁸¹¹d⁰¹¹¹
1723 3552 1785 3623 0⁵¹,
1798 3555 1932 3612 taniam
1946 3542 2195 3634 negligentiam

184 3672 302 3746 clesiis
317 3670 411 3760 piam
431 3678 465 3735 et
476 3666 653 3735 aeternam
669 3661 907 3732 concordiam.
960 3657 1053 3727 Vere
1067 3660 1163 3729 enim
1211 3651 1246 3708 ‘l
1262 3638 1385 3729 P⁰P¹¹ll
1403 3651 1437 3708 ⁸²
1451 3638 1729 3726 memmium
1745 3663 1836 3724 ⁶⁸⁸²,
1860 3656 1902 3712 Ui
1915 3648 2044 3732 813‘108
2067 3669 2197 3736 ⁶⁰8⁰&

186 3772 371 3846 ,ὀὴ-Μ
400 3786 600 3859 poma„
633 3785 700 3830 „03
721 3762 874 3830 maxtme
892 3772 1034 3850 optare,
1065 3774 1101 3831 et
1126 3774 1166 3832 ,st
1212 3739 1348 3808 tionum
1368 3760 1442 3807 non
1459 3737 1683 3808 considerent
1698 3738 1920 3829 inconiugiis
1935 3741 2200 3831 contrahendis,

186 3893 375 3947 commu,
388 3867 433 3938 ,tt
447 3879 633 3958 perpetuu,
649 3859 776 3933 harum
786 3858 1024 3932 Ecclesiam
1040 3862 1085 3930 de
1099 3863 1164 3932 do.
1213 3855 1274 3911 aut
1291 3839 1548 3930 permittendis.
1597 3836 1647 3910 Et
1673 3839 1776 3910 irasci
1801 3839 1917 3911 Deum
1942 3844 2092 3915 incestae
2111 3868 2198 3915 con-

188 3974 316 4056 eum,
340 3984 373 4040 ῃ
386 3982 425 4040 ue
440 3966 638 4035 voluntates
652 3963 854 4033 docentium
871 3962 943 4030 ,int
957 3961 1166 4033 coniunctae
1213 3941 1410 4026 suetudini‚
1436 3940 1662 4010 manifestum
1678 3954 1741 4019 est.
1774 3941 1938 4014 Narratio
1955 3959 2014 4015 tua
2030 3940 2115 4016 baec
2130 3957 2197 4015 est:

186 4090 309 4147 mutua
329 4066 593 4149 benevolentia,
625 4078 659 4133 et
678 4086 761 4133 vere
787 4064 897 4132 simus
928 4061 1095 4157 omnes*)
1126 4063 1165 4133 in
1213 4039 1273 4112 An
1287 4041 1409 4112 licebit
1423 4042 1500 4111 viro
1519 4044 1648 4110 ducere
1669 4042 1789 4111 uxoris
1806 4044 1938 4113 soror-is
1952 4043 2073 4118 liliam.
2124 4044 2201 4118 Rs.

182 4175 275 4250 Deo.
329 4168 378 4243 Et
403 4166 628 4261 gravissimae
650 4164 831 4234 concionis
852 4186 1029 4233 memores·
1045 4164 1166 4245 simus,
1213 4144 1390 4233 ⁸90¹¹d⁸0s
1410 4163 1632 4235 ‘mimium
1655 4140 1776 4215 licere:
1801 4143 1884 4236 ‘1⁰5³
1911 4145 1966 4215 ¹⁸¹
1983 4145 2106 4219 ‘filista
2127 4145 2199 4218 ιθ·

181 4280 224 4349 ἦα
245 4299 316 4370 qua
333 4272 479 4343 didm„
529 4262 551 4340 ὅ
574 4259 663 4345 θεὸς
686 4258 813 4362 ἀγάπη
839 4258 935 4349 ἐπὶ,
962 4259 1027 4335 καὶ
1053 4260 1073 4336 5
1098 4265 1164 4356 μέ,
1215 4242 1313 4313 vitici
1333 4243 1391 4315 ts.
1411 4236 1686 4331 prohibetbunc
1708 4244 1878 4331 gradum,
1900 4246 2029 4316 ducere
2050 4271 2197 4319 uxorem

177 4401 262 4452 rasa
287 4374 329 4448 ia
352 4374 400 4466 τῇ
425 4362 551 4471 ἀγάπῃ
577 4366 617 4440 ἐν
637 4369 693 4463 τῷ
718 4365 799 4463 θεῷ
821 4360 943 4458 μένει,
966 4359 1030 4436 καὶ
1045 4360 1065 4438 ὅ
1079 4361 1169 4447 θεὸς
1215 4342 1330 4462 patrui
1345 4341 1501 4460 mortui.
1560 4338 1603 4410 ln
1637 4356 1700 4412 tuo
1735 4367 1816 4413 casu
1847 4349 1978 4435 gradus
2008 4347 2102 4418 idem
2136 4363 2199 4423 cst.

181 4479 222 4554 ὁ,
247 4473 367 4572 αὐτῷ.
1216 4442 1273 4514 lbr
1297 4458 1392 4511 emm
1417 4441 1495 4513 vult
1515 4442 1651 4560 nubere
1673 4444 1752 4513 viro
1775 4459 1996 4567 materterae.
2017 4548 2028 4569 .
2050 4447 2200 4523 Rectius

280 4639 392 4715 naue
412 4632 473 4706 die
495 4626 556 4708 14.
569 4627 680 4710 Maii,
704 4652 801 4715 ¹&orso
819 4594 927 4700 1558.
1216 4555 2200 4742 {diidnrdbiirdoinlpiriliepoesiecdiamliiidcalbdrdililglerllii

1216 4759 1251 4817 et
1264 4743 1452 4835 disciplina
1466 4744 1581 4814 maior
1597 4758 1695 4818 esset.
1731 4744 1841 4817 Mitto
1855 4748 1920 4817 tibi
1938 4751 2103 4840 pagellas.
2145 4754 2201 4827 De

401 4904 405 4909 .
447 4938 456 4954 ι
1216 4862 1279 4919 tuo
1296 4846 1441 4934 negocio
1458 4842 1548 4915 mihi
1572 4845 1735 4930 scribito,
1759 4847 1863 4940 quale
1886 4848 1949 4927 sit,
1976 4863 2010 4919 et
2034 4854 2140 4946 qnid,
2165 4868 2201 4926 et

211 4944 432 5022 'inmeia-
448 4955 506 4995 ¹¹⁰
523 4944 621 4993 ''¹⁰''-
667 5056 670 5061 .
923 5048 926 5055 Ι
1216 4949 1314 5019 unde
1328 4960 1434 5038 petas.
1485 4946 1653 5037 Signibca
1668 4947 1794 5030 etiam,
1817 4968 1864 5015 an
1880 4942 1945 5018 bas
1959 4949 2080 5024 literas
2101 4978 2200 5025 acce-

1211 2604 1409 2730 ψ.
1977 2709 1979 2713 ,
2041 2623 2196 2693 rnatu.

2055 2715 2193 2745 Nm

1214 3184 1255 3260 V
1252 3180 1438 3257 enecando
1455 3183 1532 3257 viro
1556 3182 1759 3260 eruditione
1781 3199 1813 3262 et
1831 3190 1961 3264 virtute
1975 3195 2197 3290 praestanti,

1210 3283 1416 3383 Georgia
1441 3282 1712 3377 Praetorio,
1736 3285 1890 3363 Pastori
1905 3291 2094 3366 Ecclesiae
2116 3293 2197 3367 Dei

1424 3388 1465 3458 in
1488 3384 1734 3490 Gabersdors,
1760 3392 1879 3464 amico
1893 3417 1979 3480 sno,

176 4841 403 4866 ...μη-σι·-

1219 5113 1443 5132 *-

1249 5192 1764 5330 ''dadsi‘dfffffsseli‘ilmd'
1784 5194 1819 5254 tie
1840 5199 1949 5275 Mysia,
1966 5222 2052 5279 goa·
2072 5204 2203 5267 rdet&
