4734 6016
161 306 237 386 sor
742 304 1180 386 ur1srouauuu
1229 305 1447 386 uruxu.
1499 301 1631 387 isso.
1840 378 1844 383 ,
2007 260 2046 407 f
2121 312 2198 386 sos

159 493 287 555 rentur
309 477 521 567 certamina,
547 480 650 553 nolui
672 478 842 557 hactenus
865 483 1009 579 publice
1032 495 1154 555 contra
1206 496 1277 568 est,
1303 482 1457 554 conandi
1479 495 1514 554 et
1526 479 1769 568 adsentiendi,
1794 494 1834 553 ut
1847 482 1922 575 ipse
1936 484 2094 575 exponis.
2143 481 2193 557 Ut

161 607 227 656 vos
243 584 414 655 tuendam
430 583 619 676 suscipere.
1205 597 1321 655 autem
1344 584 1418 655 vim
1441 584 1546 655 liberi
1570 585 1646 653 arb.
1669 585 1780 655 solam
1804 585 1939 680 absque
1964 586 2075 675 gratia
2109 610 2190 656 eum

253 681 437 756 Protestor
451 698 582 772 autem,
598 710 656 756 me
670 711 736 759 nee
751 688 897 759 stoicam
910 687 1152 759 necessitatem
1202 681 1373 771 Erasmo,
1403 686 1477 757 sive
1500 686 1699 779 opitulante
1721 687 1928 777 gratiarum
1951 684 2189 776 Longobardo

161 787 366 872 defendere,
382 811 487 881 quam
503 799 543 858 tu
558 811 600 859 ex
613 789 700 860 salsa
709 791 932 884 quorundam
948 791 1053 861 credo
1067 813 1152 859 nar·
1203 788 1407 880 applicandi
1439 811 1476 858 se
1506 789 1550 858 ad
1578 789 1746 879 gratiam,
1770 784 1839 861 hoc
1860 803 1928 873 est,
1960 791 2005 858 ad
2027 790 2188 873 verbum,

161 888 301 961 ratione
316 883 409 957 mihi
422 889 552 960 tribuis
566 891 1151 984 necpraedestinationemmiscere
1202 889 1394 981 Spiritum,
1427 891 1705 960 misericordiam
1726 888 1796 961 Dei
1819 891 1859 959 in
1879 886 2022 962 Christo
2051 891 2189 960 adserat

160 986 473 1084 huicquaestioni,
487 993 753 1063 nervoluutatis
767 993 965 1066 libertatem
974 995 1101 1066 tollere
1112 993 1150 1061 in
1201 1004 1260 1063 tua
1272 992 1339 1063 ista
1356 992 1536 1076 delinitio,
1569 1005 1749 1085 utrunque
1766 992 1805 1062 lit
1829 1006 1951 1062 contra
1974 993 2186 1084 scripturam

163 1090 737 1165 efficiendisactionibuscivilibus
752 1109 833 1167 ante
847 1095 1149 1187 regenerationem
1201 1107 1236 1163 et
1251 1094 1448 1164 doctrinam
1462 1085 1626 1164 Lutheri
1645 1093 1683 1161 in
1699 1093 1829 1163 uostris
1844 1089 2022 1164 Ecclesiis.
2072 1091 2122 1163 Et
2136 1105 2188 1162 est

162 1205 319 1286 necpost
328 1195 628 1284 regenerationem
637 1196 743 1267 etiam
757 1197 796 1266 in
813 1198 1056 1290 spiritualibus
1072 1196 1153 1268 cul·
1201 1195 1239 1264 in
1255 1219 1295 1265 ea
1309 1196 1484 1268 sententia
1499 1210 1538 1267 ut
1551 1194 1634 1264 vicii
1649 1195 1833 1284 originalis
1849 1195 1897 1266 ita
1912 1194 2070 1264 beneficii
2080 1189 2188 1264 Chri-

163 1295 500 1386 tibuspraestandis.
525 1295 683 1367 Tantum
693 1320 794 1389 nego,
808 1296 990 1370 hominem
1004 1313 1150 1370 natura·
1200 1297 1246 1366 sti
1272 1310 1307 1366 et
1337 1298 1502 1390 propriae
1534 1296 1682 1369 actionis
1708 1295 1864 1388 Spiritus
1891 1297 2003 1366 sancti
2037 1295 2187 1383 insignis

164 1397 248 1469 liter
255 1411 487 1490 propagatum
502 1420 604 1489 posse
619 1399 736 1490 ipsum
751 1423 825 1469 sese
839 1401 874 1470 vi
891 1402 995 1473 liberi
1008 1399 1149 1471 arbitrii
1201 1401 1371 1490 quaedam
1388 1399 1608 1483 extenuatio,
1635 1399 1738 1468 saluti
1758 1411 1792 1467 et
1806 1399 1967 1468 moribus
1988 1398 2185 1489 perniciosa

162 1498 294 1569 ullaex
311 1511 410 1590 parte
426 1520 632 1589 regenerare
647 1524 708 1571 seu
718 1525 801 1573 vere
817 1503 860 1573 ad
870 1501 985 1574 Deum
1001 1525 1149 1573 conver·
1201 1500 1335 1589 opinio.
1387 1501 1479 1572 Nam
1511 1514 1693 1570 mortuum
1715 1500 1754 1566 in
1776 1500 1928 1588 peccatis
1951 1497 2127 1588 applicare
2150 1520 2186 1565 se

163 1612 462 1694 tere,contraque
475 1600 604 1684 sentio,
622 1602 839 1674 voluntatem
851 1605 942 1677 sicut
958 1619 992 1676 et
1009 1605 1149 1674 intelle·
1200 1601 1244 1669 ad
1270 1601 1416 1691 gratiam
1439 1603 1589 1692 perinde
1610 1611 1662 1668 est
1677 1622 1717 1667 ac
1731 1612 1912 1669 mortuum
1933 1596 2105 1669 Lazarum
2128 1597 2185 1667 iu-

164 1715 262 1772 ctum
273 1700 402 1771 etalias
416 1700 614 1793 superiores
631 1697 787 1773 hominis
798 1706 900 1793 vires,
916 1703 1149 1803 (utterminis
1201 1702 1283 1771 bere
1304 1716 1386 1771 ante
1408 1703 1519 1773 vitam
1543 1700 1717 1771 redditam
1742 1699 1859 1792 ipsum
1874 1701 1979 1769 etiam
1996 1700 2039 1768 ad
2062 1722 2185 1767 vocem

164 1801 297 1873 nostris
311 1802 504 1872 dialecticis
519 1802 617 1892 utar)
638 1827 711 1874 esse
729 1807 924 1878 subiectum
948 1809 987 1877 in
1003 1830 1149 1897 regene-
1199 1799 1334 1874 Christi
1348 1817 1382 1873 et
1395 1798 1655 1896 porrectionem
1672 1823 1799 1869 manus
1818 1801 1894 1869 eius
1918 1824 1979 1869 sua
2006 1798 2124 1890 aliqua
2150 1800 2186 1867 vi

163 1903 320 1984 ratione,
345 1904 441 1994 quod
464 1919 692 1994 regeneratur
713 1909 813 1976 nulla
831 1911 969 1979 ratione
985 1934 1057 1981 esse
1074 1909 1149 1977 elli-
1200 1907 1406 1993 adsurgere,
1432 1905 1504 1972 imo
1520 1927 1562 1972 ex
1575 1900 1687 1972 Paulo
1701 1895 1835 1971 Christi
1860 1913 2082 1993 persecutore
2107 1901 2186 1969 olli-

164 2006 272 2089 ciens.
329 1999 497 2074 Efficiens
528 2006 729 2096 proximum
762 2009 899 2080 affirmo
932 2013 1048 2081 solum
1076 2031 1149 2078 esse
1200 2004 1295 2075 cium
1320 2030 1384 2098 pro
1407 2000 1550 2076 Christo
1574 2017 1703 2094 petere.
1765 1998 1836 2072 Ubi
1856 1998 1916 2073 hic
1937 1998 2071 2072 Paulus
2103 2025 2185 2071 cum

164 2105 340 2197 Spiritum
354 2127 402 2190 s.,
424 2106 696 2178 instrumentale
711 2134 796 2178 vero
810 2113 958 2182 verbum
975 2125 1011 2182 et
1024 2111 1150 2183 Sacra·
1199 2103 1338 2178 Davide
1359 2107 1548 2198 deplorans
1577 2101 1852 2175 destructionem
1878 2103 1987 2174 totius
2008 2099 2185 2173 humanae

162 2219 303 2290 menta,
327 2207 392 2296 per
411 2230 502 2298 quae
515 2206 670 2298 Spiritus
695 2223 837 2280 sanctus
862 2224 914 2280 est
929 2212 1067 2296 efficax,
1092 2235 1150 2280 re·
1202 2208 1371 2277 naturae?
1421 2202 1512 2281 Non
1537 2213 1589 2276 est
1612 2205 1751 2288 iustus,
1782 2227 1857 2274 non
1882 2212 1933 2275 est
1964 2200 2188 2301 intelligens,

163 2328 304 2379 novans
332 2306 571 2392 intellectum,
603 2308 823 2380 voluntatem
856 2324 892 2382 et
925 2313 1012 2382 alias
1047 2311 1150 2397 vires,
1202 2332 1277 2377 non
1297 2315 1367 2394 est,
1393 2308 1462 2407 poi
1479 2305 1642 2406 requirat
1664 2303 1807 2378 Deum:
1834 2328 1957 2376 omnes
1981 2300 2188 2375 declinave-

166 2409 257 2478 sicut
276 2406 393 2500 iuquit
408 2402 587 2477 Christus:
615 2406 693 2477 nisi
704 2407 787 2507 quis
801 2409 923 2528 suerit
940 2422 1089 2484 renatus
1104 2435 1151 2484 er
1203 2418 1299 2496 runt,
1321 2409 1438 2481 simul
1452 2408 1603 2481 inutiles
1610 2408 1716 2508 sacti
1730 2416 1816 2478 sunt
1833 2404 1888 2479 od
1892 2401 2113 2506 faciendum
2123 2405 2188 2476 bo·
2295 2471 2298 2477 .

167 2503 466 2605 apuaelspiritu
491 2522 555 2582 etc.
607 2506 714 2579 Item:
741 2533 805 2608 qus
829 2536 904 2584 non
925 2537 972 2585 ex
993 2515 1151 2611 sangui·
1203 2535 1310 2596 num,
1342 2536 1416 2582 non
1444 2521 1497 2583 est
1522 2510 1662 2598 iustos,
1692 2533 1736 2580 ne
1770 2533 1866 2580 unus
1900 2503 2057 2606 quidem.
2115 2507 2188 2579 Ubi
2277 2525 2279 2529 ’

168 2607 279 2679 nibus
313 2629 426 2705 neque
458 2607 711 2681 revelantate
732 2613 857 2685 carnis
877 2624 943 2686 out
969 2615 1056 2703 viri,
1087 2612 1154 2687 sed
1201 2611 1346 2708 Moyses
1362 2616 1537 2686 detestans
1560 2615 1706 2705 insuper
1718 2611 1920 2683 malitiam?
1970 2601 2092 2679 Omne
2105 2603 2187 2702 fig-

167 2709 234 2808 qui
255 2732 302 2779 ex
319 2704 404 2779 Deo
428 2707 514 2778 noti
535 2720 636 2781 sunt.
692 2708 742 2783 Et
763 2716 855 2786 ratio
880 2718 1064 2790 manifesta
1088 2734 1151 2795 est.
1203 2725 1360 2787 mentum
1377 2710 1540 2787 humani
1552 2709 1673 2787 cordis
1695 2705 1952 2784 tantummodo
1972 2706 2114 2780 molum
2135 2719 2187 2780 cst

165 2809 303 2882 Natura
322 2806 596 2884 enimhominis
619 2826 692 2884 tota
715 2814 753 2883 in
776 2816 838 2899 iis,
861 2843 952 2911 quae
976 2823 1020 2891 ad
1043 2821 1150 2892 vitam
1203 2817 1483 2915 omnitempore.
1552 2821 1554 2824 ⁴

166 2913 346 3005 Perllssessl
361 2913 623 3001 adipiscendam
641 2929 780 2985 mortua
797 2933 847 2993 est
861 2935 1007 3014 propter
1020 2923 1151 2993 vicium
1306 2918 1462 2992 Habebit
1477 2920 1582 2992 etiam
1599 2918 1748 3010 gloriam
1762 2911 1872 2986 homo
1894 2915 1942 2985 ad
1962 2914 2124 2986 meritam
2149 2915 2188 2982 in
2309 2954 2313 2959 -

165 3014 327 3104 originis,
344 3011 488 3089 ‘Gema
510 3039 576 3086 nec
590 3017 658 3085 alia
676 3039 713 3084 re
728 3018 897 3090 differens
912 3048 932 3092 a
950 3037 1075 3094 trunco
1091 3039 1153 3096 aut
1203 3018 1346 3093 Christo
1363 3024 1472 3092 vitam
1489 3021 1737 3114 perveniendi,
1762 3042 1836 3088 uon
1861 3016 1929 3086 erit
1949 3011 2083 3087 Christi
2109 3038 2189 3107 gra-

167 3116 316 3195 incllde,
359 3138 464 3207 quam
495 3118 592 3209 quod
624 3131 799 3206 repugnat
831 3122 894 3206 iis,
936 3138 1026 3218 quae
1059 3127 1152 3197 vitae
1203 3127 1273 3196 tiae
1296 3123 1401 3194 etiam
1418 3118 1526 3195 huius
1549 3123 1733 3193 meritum:
1772 3143 1848 3189 non
1874 3117 1941 3188 erit
1963 3113 2099 3188 Christi
2127 3141 2191 3207 per

165 3229 251 3287 ⁸⁰⁰1
270 3229 305 3286 01
319 3217 479 3307 81)ῑῐῖῑῑῐδ;
510 3219 547 3288 1.
559 3215 642 3290 Cor.
657 3220 693 3292 2.
705 3217 812 3295 Rom.
827 3223 864 3298 8.
886 3238 920 3295 et
937 3220 1032 3320 quod
1049 3222 1153 3298 habi·
1205 3227 1378 3320 Spiritum
1395 3249 1502 3317 opus,
1525 3237 1568 3296 ut
1582 3225 1730 3294 verbum
1744 3221 1877 3291 donare
1898 3219 1962 3289 ubi
1985 3231 2019 3288 et
2045 3220 2189 3311 quaudo

167 3319 292 3388 tudine
318 3331 370 3389 est
393 3319 438 3386 ad
461 3319 568 3387 vitam
593 3344 676 3410 prae
699 3321 830 3392 incude
845 3339 1062 3418 comparata,
1089 3354 1153 3401 nec
1204 3331 1278 3421 ipse
1294 3327 1388 3412 vult,
1414 3328 1510 3398 itaet
1527 3329 1668 3409 docere,
1693 3317 1852 3405 trahere,
1877 3342 2102 3412 regenerare,
2127 3321 2189 3387 sed

167 3433 286 3489 motus
301 3418 340 3486 in
355 3442 395 3487 ea
410 3441 484 3488 esse
500 3433 616 3512 potest
630 3435 691 3492 aut
705 3423 797 3492 actio
813 3427 859 3508 ad
874 3428 982 3497 vitam
999 3441 1081 3499 ante
1098 3431 1153 3502 vi·
1206 3432 1272 3500 erit
1289 3424 1363 3497 'hoc
1388 3429 1423 3495 vi
1447 3428 1512 3499 lib.
1535 3426 1641 3498 arbit.
1661 3446 1849 3493 commune
1877 3444 1957 3489 cum
1984 3415 2127 3491 Christo
2154 3432 2190 3489 et

167 3533 241 3593 ΜΠ·
265 3518 452 3591 “ddum-
1207 3529 1355 3622 Spiritu.
1387 3525 1551 3620 Denique
1567 3527 1635 3595 erit
1651 3526 1688 3594 in
1708 3519 1863 3593 hominis
1881 3535 2063 3612 potestate,
2080 3522 2190 3590 semel

268 3616 346 3688 Hac
362 3617 471 3707 igitur
482 3620 673 3706 sententia,
688 3623 901 3694 testimoniis
915 3640 950 3697 et
965 3651 1154 3718 argumen-
1206 3633 1323 3723 agnita
1345 3629 1579 3722 promissione
1598 3627 1748 3717 gratiae,
1770 3626 1982 3695 delictorum
2007 3622 2192 3714 poeniten-

167 3723 213 3792 tis
236 3721 433 3811 scripturae
451 3721 572 3807 nisus,
603 3723 711 3793 verba
735 3738 770 3794 et
791 3729 1001 3819 sententiam
1025 3735 1154 3803 veteris
1207 3736 1291 3806 tiam
1306 3748 1370 3802 suo
1386 3754 1524 3823 semper
1539 3729 1687 3800 arbitrio
1700 3750 1821 3818 agere,
1845 3724 1902 3794 vel
1912 3723 2084 3816 Spiritum
2101 3748 2128 3794 s.
2143 3725 2189 3793 ad

167 3822 267 3895 illius
281 3820 500 3891 definitionis
515 3823 699 3914 improbo,
726 3826 892 3898 recitatae
915 3830 954 3899 in
979 3835 1155 3924 posterio·
1207 3862 1283 3907 eam
1299 3836 1396 3904 velut
1409 3832 1603 3919 obnoxium
1617 3827 1766 3914 habere,
1791 3828 1920 3922 fietque
1944 3838 1982 3896 ut
1998 3820 2191 3897 multihue

165 3924 267 3994 ribus
284 3923 355 3992 tuis
369 3923 456 3992 locis
467 3938 502 3995 et
520 3926 752 4016 approbatae,
779 3953 849 4022 qua
866 3927 979 4003 libero
1005 3934 1154 4007 arbitrio
1209 3936 1433 4028 persuasione
1453 3934 1603 4027 peccatis
1623 3931 1853 4021 indulgeant,
1878 3929 1923 3998 de
1943 3928 1981 3995 vi
2003 3927 2066 4000 lib.
2087 3926 2192 3995 arbit.

168 4024 298 4095 tribuis
313 4025 514 4095 facultatem
530 4026 570 4095 in
584 4020 729 4098 homine
744 4031 948 4122 applicandi
962 4058 998 4104 se
1015 4040 1058 4108 ad
1074 4060 1155 4129 gra·
1209 4040 1310 4110 istius
1327 4047 1571 4129 praesumant,
1596 4035 1653 4103 vel
1667 4029 1904 4102 humanarum
1918 4028 2049 4097 virium
2077 4022 2192 4120 hypo-

169 4126 269 4199 tiam.
326 4122 628 4214 Haecdelinitio,
660 4131 890 4203 collatarum
914 4130 1096 4211 Erasmica
1122 4155 1157 4212 et
1208 4141 1315 4212 crisin
1331 4163 1393 4230 pro
1411 4162 1519 4220 nova,
1544 4135 1706 4225 ut-vulgo
1721 4129 2011 4224 lit,poeniteutia
2026 4130 2166 4199 ducant.

167 4223 459 4315 L0n8⁰b2rdicas
486 4242 637 4323 utraque
661 4246 713 4303 est
730 4235 896 4310 deterior.
946 4224 1157 4331 Longobar-
1310 4243 1454 4313 Diserte
1475 4234 1534 4309 hic
1554 4239 1659 4308 etiam
1683 4237 1880 4328 respondeo
1900 4233 1945 4302 de
1958 4243 2072 4301 vestra
2091 4228 2192 4299 obie-
2280 4257 2285 4265 ·

168 4326 412 4417 dici‘bfaliim
429 4330 512 4402 lacit
529 4327 722 4406 συναίτιον
736 4334 799 4409 lib.
815 4337 919 4411 arbit.
945 4343 989 4410 ad
1013 4343 1157 4414 electio·
1210 4346 1344 4432 ctione,
1370 4338 1467 4438 quod
1491 4365 1509 4411 a
1525 4340 1634 4409 verbo
1657 4332 1826 4407 inchoare
1842 4356 1982 4414 necesse
1998 4334 2061 4412 sit,
2085 4353 2194 4400 cona-

170 4450 273 4511 nem,
304 4452 379 4497 non
403 4453 562 4523 expresse
585 4435 631 4502 ad
652 4437 942 4529 applicationem;
975 4438 1157 4516 Erasmiea
1210 4449 1258 4534 ri,
1282 4445 1472 4525 adsentiri,
1504 4441 1655 4512 abiicere
1680 4450 1821 4531 peccata
1853 4449 1975 4508 contra
2009 4433 2192 4505 conscien-

170 4529 255 4599 fflcll
280 4530 476 4611 Obietlssms
502 4535 680 4624 mediante
697 4538 829 4610 seilicet
850 4541 971 4612 verbo.
1021 4544 1159 4640 Loqui·
1211 4551 1311 4631 tiam,
1347 4543 1820 4626 haecomninoessevera;
1852 4533 2104 4608 verumetiam
2127 4555 2191 4602 ne·

170 4640 231 4701 tur
245 4631 350 4699 etiam
365 4632 410 4700 de
427 4633 488 4712 iis,
516 4659 608 4728 quae
622 4638 825 4728 perducunt
837 4643 881 4710 ad
900 4656 1078 4716 aeternam
1103 4674 1158 4720 sa·
1211 4674 1304 4723 cesse
1330 4663 1382 4719 est
1404 4646 1639 4736 distinguere,
1670 4643 1766 4736 quod
1787 4653 1822 4711 et
1847 4638 1951 4709 initio
1972 4637 2103 4706 lactum
2131 4647 2193 4718 est,

171 4732 302 4815 bitem,
327 4734 423 4826 quod
441 4735 571 4822 gratiae
587 4760 648 4806 sen
672 4739 818 4831 spiritus
839 4756 890 4812 est
911 4769 975 4836 per
998 4750 1158 4825 verbnm.
1212 4756 1306 4825 inter
1328 4748 1550 4844 quaestiones
1573 4746 1635 4816 tib.
1659 4745 1753 4828 arb„
1786 4743 1941 4812 diversas
1964 4737 2048 4815 item
2072 4758 2192 4805 causas

171 4829 252 4902 Tua
269 4846 367 4904 vetus
382 4833 445 4904 ista
462 4836 623 4907 delinitio
638 4838 857 4933 'simpliciter
872 4846 1049 4919 obiecurm
1065 4853 1160 4939 lacit,
1212 4873 1246 4929 et
1272 4854 1427 4927 effectus.
1484 4847 1655 4920 Liberum
1680 4843 1868 4914 arbitrium
1889 4841 1928 4908 in
1953 4862 2027 4907 nou
2049 4838 2193 4916 renatis,

173 4935 246 5004 sive
267 4933 425 5004 favorem
450 4937 523 5005 sive
545 4940 682 5010 donum
703 4941 770 5012 Dei
791 4944 968 5037 intelligas
980 4973 1056 5042 'per
1081 4978 1161 5044 gra·
1215 4971 1255 5029 ut
1274 4969 1389 5050 potest
1410 4954 1525 5023 facere
1545 4948 1663 5020 civilia
1687 4945 1775 5035 legis
1809 4964 1933 5034 opera,
1967 4940 2017 5010 ita
2050 4939 2194 5028 insuper

171 5034 278 5120 tiam,
303 5047 339 5106 et
354 5037 503 5107 verbum
525 5062 606 5109 cum
628 5037 778 5113 Erasmo
797 5046 967 5121 includas.
1017 5048 1072 5122 Eo
1098 5078 1161 5124 au·
1214 5070 1327 5152 potest
1354 5058 1467 5126 lacere
1489 5047 1696 5145 hypocrisin
1719 5068 1866 5137 operum
1888 5039 2126 5133 spiritualium
2156 5037 2194 5103 in

172 5148 243 5207 tem
262 5136 444 5230 ipso,quo
460 5140 638 5213 obiectum
654 5144 758 5229 facit,
782 5147 827 5217 ab
846 5149 1078 5224 efficientibus
1104 5180 1162 5225 re·
1215 5174 1363 5251 utraque
1388 5153 1529 5236 tabula,
1564 5165 1604 5221 ut
1626 5147 1769 5220 difficile
1794 5167 1895 5238 saepe
1918 5145 1963 5216 sit
1997 5141 2197 5211 discernere

174 5251 292 5307 movet
309 5241 458 5328 gratiam
472 5255 594 5312 contra
614 5257 710 5314 tuam
732 5247 843 5337 ipsius
864 5251 997 5345 alioqui
1019 5271 1164 5329 senten·
1216 5263 1309 5331 inter
1327 5269 1487 5327 renatum
1510 5264 1544 5321 et
1558 5275 1631 5320 oon
1647 5263 1827 5335 renatum,
1850 5269 1932 5317 vere
1946 5239 2199 5313 sanctificatum

176 5338 282 5421 tiam,
323 5363 364 5409 ac
386 5341 458 5410 viru
481 5342 594 5414 inesse
615 5346 683 5414 soli
704 5346 819 5420 libero
841 5353 915 5422 arb.
941 5358 1063 5428 statuit
1083 5374 1166 5444 aute
1216 5377 1252 5434 et
1268 5355 1509 5456 hypocritam,
1535 5353 1624 5445 quin
1639 5346 1707 5422 boc
1726 5365 1777 5424 est
1797 5348 1908 5420 solius
1927 5343 1996 5416 Dci
2018 5341 2200 5437 iudicium.

180 5437 331 5528 gratiam
344 5462 420 5510 uon
436 5442 590 5533 eligendi
604 5448 718 5519 solum
735 5450 796 5520 sed
812 5464 847 5525 et
863 5454 1083 5547 applicandi,
1097 5455 1165 5536 h'oe
1221 5458 1330 5536 Veros
1357 5472 1474 5531 autem
1497 5454 1614 5525 cordis
1641 5467 1776 5535 motus,
1808 5446 2071 5531 adsensionem,
2099 5443 2207 5513 timo·

237 5541 414 5609 Mensem.
441 5547 545 5616 Orn.
571 5552 653 5619 Vos.
679 5550 773 5626 VIII.
1527 5555 1578 5632 57
