4776 6024
39 264 42 274 .
76 207 128 283 46

86 378 155 450 No·
171 375 285 453 5844.
409 408 412 413 ·

81 475 294 511 Μ

413 543 476 629 D.
503 537 737 653 Chytroeo.

142 709 180 763 Ex
198 707 298 764 David.
317 701 447 774 Ghytnei
463 700 581 771 epistolis
599 719 627 771 p.
645 698 721 751 1226.

349 850 530 926 Doridi
553 849 796 948 Chytraeu

76 981 127 1071 S.
152 994 203 1064 D.
254 987 438 1061 Carissime
452 989 572 1057 frater.
621 985 693 1055 lam
711 988 808 1055 adest
823 986 915 1074 apud
932 1007 998 1051 nos
1012 998 1064 1052 ta-

76 1095 250 1169 bellarius
272 1091 381 1162 Ducis
404 1084 750 1181 Wartehergcnsis,
782 1088 844 1179 qui
865 1087 982 1155 attulit
1002 1088 1064 1153 ‹le-

77 1196 304 1268 clarationem
314 1187 561 1259 Brentianom
571 1180 1064 1259 decontroversia'Osiondri.

77 1297 290 1388 Exemplum
304 1293 406 1362 vobis
425 1294 574 1363 mittam.
625 1290 729 1360 Nunc
752 1290 847 1357 euim
869 1289 988 1358 subito
1003 1291 1064 1355 de-

79 1399 189 1470 scribi
206 1420 275 1465 non
290 1407 434 1485 poterat.
479 1393 584 1464 Scitis
597 1405 714 1462 autem
730 1386 872 1458 Ducem
887 1384 1065 1457 Pressiac

80 1501 153 1570 iam
176 1497 320 1567 edidisse
344 1495 630 1564 conciliationem
659 1507 692 1563 et
717 1494 829 1561 edicta
853 1493 950 1560 unde
971 1514 1062 1559 nova

79 1599 222 1670 dissidia
241 1598 415 1668 orientur.
466 1593 551 1665 Fuit
574 1591 632 1663 hic
654 1593 698 1664 D.
713 1586 886 1663 Andreas
903 1589 1063 1687 Aurisc-

78 1699 139 1770 ὄιν
150 1697 188 1795 ¹),
211 1699 274 1791 qui
289 1699 351 1781 ait,
376 1720 413 1765 se
426 1697 599 1787 proticisci
615 1697 659 1763 ad
675 1710 821 1764 matrem
837 1690 1067 1763 DucisErici

77 1795 376 1871 Brunswicensis
392 1793 441 1888 ²);
471 1798 551 1867 dedi
575 1798 684 1886 igitur
703 1797 734 1865 ei
757 1797 876 1865 literas
897 1797 942 1864 ad
957 1793 1063 1865 Cous.

76 1895 385 1983 Nortbusonum,
417 1914 457 1968 ut
480 1900 663 1968 ductorem
686 1900 792 1967 addat
815 1892 897 1991 περὶ
919 1888 1062 1994 δογμά-

75 2029 152 2075 των
168 2026 241 2072 non
259 2001 528 2092 disputavimus.
580 1999 650 2070 Sed
674 1999 743 2069 iam
766 2001 888 2068 edetur
906 1991 1063 2066 Germa-

76 2104 161 2174 nica
177 2100 334 2172 locorum
347 2100 539 2196 expositio,
555 2101 594 2169 iu
611 2103 731 2194 quade
745 2114 870 2171 tutare
885 2100 972 2182 dixi,
988 2121 1061 2166 uon

76 2205 281 2299 ἐριστικῶς,
305 2218 345 2272 ut
364 2226 425 2292 ego
450 2205 595 2295 quidem
617 2203 796 2286 existimo,
820 2203 882 2269 sed
908 2200 1012 2290 plane
1029 2212 1063 2267 et

75 2330 168 2377 vere.
218 2304 362 2373 Mittam
386 2329 465 2374 curn
497 2316 601 2372 erunt
628 2305 783 2374 absoluti
812 2303 907 2371 libri.
957 2300 1062 2370 Nunc

74 2408 180 2475 mitto
199 2406 307 2472 alium
324 2399 569 2473 scholasticum
588 2404 759 2477 libellum.
808 2400 904 2472 Huic
921 2403 1061 2490 aurigae

73 2502 242 2573 Henrico
261 2498 300 2573 V
298 2509 382 2568 ettcr
407 2505 475 2571 civi
497 2517 621 2571 nostro
644 2506 724 2572 dedi
747 2504 930 2593 epistolam
955 2517 990 2572 et
1006 2501 1062 2570 lo-

895 384 950 444 10.
967 373 1055 436 lllsrt.

887 464 1057 503 Μ

76 2601 274 2675 achimicos
290 2615 418 2692 septem
434 2615 468 2670 et
482 2605 711 2692 quadrantem
726 2600 943 2670 exhibendos
954 2598 1063 2669 Mar·
1121 2683 1124 2689 1

75 2702 158 2774 tino
186 2695 386 2792 Wrgneco
407 2701 649 2792 Zeapolitano.
698 2700 771 2771 Nec
794 2702 888 2771 enim
909 2700 987 2791 plus
1006 2726 1062 2770 ac-

77 2805 172 2895 cepi,
205 2817 244 2871 ut
266 2804 388 2870 literae
413 2814 448 2870 et
472 2798 702 2895 syngraphae
728 2817 762 2873 et
785 2815 888 2871 testes
912 2798 1061 2870 adhibiti

77 2905 275 2976 ostendent.
315 2900 404 2971 Earn
419 2903 607 2992 pecuniam
624 2905 760 2971 curabis
776 2898 933 2971 exhiberi
948 2898 1061 2971 Mar-

77 3007 154 3075 tino
169 3003 411 3095 Zeapolitauo,
439 3017 472 3071 et
490 3002 640 3086 iubebis,
656 3017 694 3072 ut
710 2999 797 3071 mihi
815 2990 1060 3095 Syagrapham

77 3109 210 3185 mittat,
237 3129 306 3197 qua
327 3117 473 3173 testetur
499 3125 536 3171 se
561 3104 730 3192 accepisse
754 3118 789 3174 et
810 3103 933 3173 literas
945 3119 980 3175 et
1003 3105 1061 3171 in-

78 3209 192 3277 clusos
214 3201 444 3273 loachimicos
467 3202 634 3292 epistolae
653 3204 694 3273 ad
718 3230 774 3273 me
798 3200 958 3295 scriptaei
1007 3203 1061 3273 De

78 3307 228 3397 negociis
242 3307 395 3395 publicis
408 3300 501 3372 nihil
516 3304 632 3386 audio,
653 3306 722 3374 nisi
738 3307 979 3375 conventuros‘
989 3329 1061 3373 esse

78 3410 114 3478 in
136 3408 268 3480 Salinis
287 3409 408 3476 ducem
424 3400 653 3473 Maecilium
676 3420 710 3477 et
726 3404 925 3477 chrc'cnm
942 3406 1061 3475 Bruu-

76 3510 294 3579 swicensem.
344 3506 442 3576 'lhos
476 3506 595 3574 literas
629 3518 665 3575 et
690 3509 809 3597 flagito
841 3522 874 3576 et
909 3522 1061 3598 expecto.

75 3609 174 3678 Bene
195 3609 289 3691 vale,
315 3610 371 3676 die
391 3606 527 3676 decimo
551 3604 688 3681 Martii.
741 3609 897 3680 Salutem
918 3622 1002 3699 opto
1018 3608 1061 3681 D.

75 3710 227 3782 Ductori
243 3701 415 3777 Iohanni
428 3722 463 3778 et
479 3708 625 3779 caeteris
638 3710 770 3783 amicis.
869 3768 872 3773 .

433 3808 438 3819 ’
812 3805 1012 3903 Philippus.

91 4112 161 4185 No.
179 4107 290 4185 5⁸45.

82 4208 299 4244 Μ

888 4125 946 4186 te.
961 4116 1051 4181 blau.

884 4207 1054 4236 m

385 4276 452 4361 Io.
480 4272 756 4391 Aurifobro.

142 4443 163 4505 †
178 4432 394 4507 &apographo
404 4432 434 4487 in
448 4433 511 4488 eod.
523 4432 609 4489 Paris.
620 4433 660 4487 D.
669 4433 702 4491 1.
716 4433 750 4487 54
756 4433 776 4488 ⁸.

305 4582 528 4661 Iohanni
549 4588 830 4688 Aurifabro.

77 4711 125 4797 S·
146 4721 196 4803 D.
243 4698 452 4815 Rerereude
465 4724 523 4793 vir
535 4736 569 4794 et
583 4723 702 4793 caries.
718 4724 835 4794 frater.
875 4722 961 4796 Vidi
975 4750 1062 4796 con-

10 4844 12 4861 ¹
77 4826 296 4896 ciliatiouem
318 4822 533 4895 Prussiecam
558 4838 592 4895 et
615 4826 728 4897 edicta
751 4823 947 4919 Principis,
972 4853 1061 4922 quae

77 4958 286 4977 ...ο-σιώ*

107 5036 134 5103 1)
150 5031 308 5087 Medicinae
321 5029 407 5087 θοαί.
419 5031 670 5104 Βιςίοιιιοηὶιηω,
692 5028 779 5109 irater
796 5030 837 5085 lo.
849 5031 987 5087 Auritsbei
1001 5031 1060 5087 tto·

136 5099 431 5240 2¹¹2th3221⁸;„mi”m
450 5102 480 5153 in
491 5101 677 5156 controversia
691 5097 821 5151 Osundri
835 5099 867 5152 nd
880 5101 967 5156 varies
982 5101 1061 5168 prin·

105 5251 299 5374 '’difflui'’
312 5250 489 5309 lotchiroill.
503 5250 602 5308 and.
608 5248 696 5306 Eleu.
708 5246 773 5318 filie,
792 5255 898 5300 mortue
908 5247 935 5299 d.
944 5248 1059 5304 tumui

646 195 1075 273 EPISTULARUM
1126 191 1231 267 LlB.
1264 189 1346 266 Xll.
1400 187 1526 267 taes.

2057 196 2105 267 46

1116 363 1226 431 irater
1246 374 1327 431 tuns
1343 355 1517 432 Andreas
1541 340 1645 432 {iobis
1671 357 1831 433 exhihuit
1847 356 1896 455 ').
1949 362 2102 436 Miratus

1116 488 1195 532 sum
1212 463 1394 531 audaciam
1412 486 1546 545 eorum,
1568 464 1630 551 qui
1646 478 1729 534 suut
1743 459 1924 536 architecti
1941 479 1974 536 et
1989 466 2103 535 doleo.

1115 562 1206 633 Naro
1222 577 1256 633 et
1270 563 1472 632 conciliatio
1492 563 1546 630 lax
1570 565 1638 632 erit
1658 589 1832 635 novorum
1859 568 2103 652 certaminum,

1117 677 1150 733 et
1172 664 1283 733 edicta
1301 664 1438 752 parient
1455 664 1557 749 exilia
1581 679 1615 734 et
1635 669 1819 744 tumultus.
1871 668 1939 738 Sed
1963 692 2102 738 oremus

1116 765 1228 833 lilium
1244 765 1321 848 Dei,
1346 778 1387 834 ut
1403 787 1469 833 nos
1485 767 1608 834 doceat
1620 777 1654 834 et
1668 768 1849 852 gubernet.
1882 767 1962 838 Dux
1986 764 2100 838 [Πν-

1116 862 1334 955 tebergensis
1357 865 1453 935 misit
1471 862 1560 933 mihi
1583 881 1759 935 recentem
1776 862 1927 936 Brentii
1945 869 2101 939 declara-

1116 967 1269 1049 tionem,
1295 967 1395 1035 cuius
1413 969 1570 1056 exempla
1586 969 1686 1036 vohis
1703 968 1850 1039 mittam.
1887 968 1990 1039 Nunc
2006 972 2100 1038 enim

1115 1070 1277 1137 nondum
1309 1068 1480 1157 descripta
1515 1082 1597 1138 erat.
1619 1116 1630 1133 .
1656 1067 1795 1157 Quaeso
1821 1083 1959 1154 autem,
1993 1083 2033 1138 ut
2059 1075 2100 1139 cle

1115 1162 1265 1237 Andreo
1291 1163 1496 1259 Weslingo
1511 1170 1614 1238 nobis
1633 1171 1883 1260 respondeatis.
1928 1170 2010 1240 Non
2026 1171 2103 1240 vult

1114 1294 1150 1340 se
1164 1269 1330 1339 anteferri
1346 1265 1517 1361 Illyrico.
1567 1269 1638 1340 Sed
1654 1296 1732 1341 cum
1750 1273 1809 1342 ille
1824 1297 1898 1341 non
1912 1272 2039 1360 migret
2057 1273 2102 1340 ad

1113 1395 1176 1440 vos
1201 1385 1234 1441 et
1259 1370 1359 1439 malit
1383 1370 1450 1438 elia
1476 1394 1594 1459 agere,
1609 1396 1723 1463 quam
1749 1373 1787 1441 iu
1810 1368 1941 1442 scholis
1963 1374 2102 1442 tradere

1114 1471 1399 1561 grammaticam,
1431 1468 1657 1564 Weslingns
1679 1469 1774 1543 hunc
1789 1489 1943 1564 spretum
1959 1474 2003 1542 ab
2022 1473 2101 1543 aliis
2168 1491 2173 1506 '

1114 1575 1274 1642 laborem
1305 1571 1459 1641 libenter
1487 1573 1688 1662 susciperet.
1739 1575 1815 1645 Scis
1846 1574 1964 1643 virum
1987 1569 2100 1643 hone-

1114 1687 1226 1756 stum,
1251 1673 1488 1742 eruditumet
1510 1676 1717 1743 concordiae
1740 1677 1899 1764 publicae
1924 1689 2100 1744 amantem

1115 1797 1206 1856 esse,
1232 1797 1343 1863 quare
1364 1788 1399 1842 te
1421 1798 1502 1857 oro,
1535 1786 1575 1843 ut
1599 1775 1785 1863 significari
1807 1776 1911 1845 nobis
1929 1773 2100 1845 lllustris-

1113 1875 1191 1942 simi
1209 1873 1384 1965 Principis
1400 1875 1615 1944 voluntatem
1635 1900 1743 1951 cures.
1785 1874 1882 1946 Beue
1898 1877 1986 1950 vale.
2030 1875 2098 1944 Die

1116 1977 1174 2047 12.
1190 1972 1326 2042 Martii.

1848 2074 2050 2170 Philippus.

1121 2428 1187 2500 No.
1205 2423 1317 2502 5346.

1117 2524 1329 2561 Μ

1913 2438 1961 2496 die
1977 2440 2095 2517 eequiu.

1918 2523 2088 2553 Μ

1398 2609 1448 2695 (i.
1477 2610 1803 2696 Buchicolzcro.

1122 2786 1126 2793 ’
1178 2754 1274 2840 blenlii
1293 2783 1390 2838 lsrra.
1428 2785 1555 2855 .205sq.
1574 2813 1610 2824 -
1651 2787 1723 2838 Anto
1758 2786 1847 2859 ephon
1865 2786 1894 2840 in
1913 2786 1974 2842 eod.
1991 2788 2098 2847 Laum-

1212 2855 1269 2911 hut.
1287 2802 1387 2907 votl.
1405 2803 1455 2908 list.
1471 2853 1530 2908 188.
1549 2854 1628 2908 nobis
1648 2863 1733 2911 contu
1746 2855 1767 2908 it
1784 2858 1812 2913 8.
1832 2859 1864 2915 V.
1883 2853 2042 2911 Schutcius.

1109 3007 1321 3082 Reverendo
1337 3009 1432 3093 ciro,
1459 3008 1660 3083 eruditione
1677 3021 1708 3082 el
1728 3011 1861 3111 pietate
1880 3015 2099 3113 praestanti,

1111 3110 1260 3183 doarino
1301 3107 1505 3207 Georgia
1548 3109 1907 3202 Bochholtccro,
1959 3114 2101 3188 docenti

1111 3211 1361 3310 Ecarcgelium
1387 3215 1426 3283 in
1451 3212 1620 3286 Ecclesia
1644 3212 1723 3285 Dei
1750 3217 1789 3286 in
1818 3217 1903 3289 urbe
1924 3214 2099 3303 Berlinu,

1378 3316 1496 3386 amico
1519 3313 1831 3400 succinctissime,

1110 3449 1159 3536 S.
1177 3461 1222 3532 D.
1271 3460 1480 3533 Reverendo
1495 3467 1598 3535 viret
1616 3467 1725 3535 amice
1743 3463 1962 3539 charissime:
1991 3466 2097 3538 Venit

1111 3561 1182 3633 huc
1221 3564 1427 3633 tabellarius
1466 3568 1567 3635 ducis
1603 3564 1911 3657 Wirtebergeusis
1949 3561 2098 3667 Caspor

1111 3658 1297 3735 Schubort
1329 3663 1510 3757 Cygnum,
1545 3669 1724 3735 modestus
1755 3664 1879 3754 horno,
1913 3673 1975 3763 qui
2004 3685 2099 3741 attu-

1111 3768 1153 3837 lit
1176 3759 1424 3833 Brentionam
1451 3768 1743 3852 declarationem,
1783 3770 1821 3837 in
1849 3795 1916 3863 qua
1945 3773 2098 3840 ostend-it

1110 3863 1289 3937 Brentius
1312 3868 1543 3951 nominatim,
1566 3893 1653 3961 quas
1674 3872 1890 3960 corruptelas
1910 3862 2099 3939 Osiondri

1112 3970 1296 4058 improbet.
1348 3969 1490 4040 Mittam
1506 3972 1607 4039 vobis
1622 3973 1797 4058 exempla,
1822 3970 1885 4039 uhi
1903 3971 2096 4060 descripse-

1112 4070 1233 4141 rimus.
1287 4066 1385 4137 ldem
1417 4073 1569 4140 nuncius
1595 4072 1778 4160 epistolam
1804 4067 1910 4142 habet
1932 4073 2096 4164 scriptam

1111 4173 1155 4239 ab
1173 4171 1409 4240 illustrissima
1427 4173 1575 4259 coniuge
1590 4171 1689 4241 ducis
1707 4169 2026 4276 Vlsirtebergensis,
2052 4178 2096 4245 ad

1111 4270 1383 4341 illustrissimam
1398 4296 1566 4355 sororem,
1592 4286 1632 4341 ut
1646 4269 1736 4341 mihi
1752 4275 1895 4366 quidem
1911 4277 2097 4347 videbatur

1111 4372 1198 4442 loris
1221 4372 1404 4460 aspicienti
1430 4373 1707 4462 inscriptionem.
1759 4374 1849 4446 lussi
1872 4378 1980 4465 igitur
2002 4401 2097 4446 rrrru-

1111 4474 1203 4543 cium
1220 4472 1336 4560 ipsum
1351 4474 1440 4543 istuc
1457 4474 1644 4563 proticisci:
1671 4475 1753 4566 quia
1770 4472 1838 4546 hoc
1852 4499 1961 4565 gersus
1978 4478 2097 4547 litera-

1110 4598 1190 4643 rum
1213 4573 1384 4660 singulari
1406 4576 1590 4663 diligentia
1624 4590 1657 4645 et
1680 4578 1748 4644 lide
1773 4575 2010 4649 exhibendum
2034 4595 2097 4653 est.

1110 4675 1241 4745 Petetis
1271 4674 1373 4742 etiam
1410 4677 1690 4765 responsionem:
1724 4680 1870 4748 omniuo
1901 4681 2098 4768 gratifican-

1111 4778 1196 4848 dum
1214 4789 1266 4845 est
1280 4791 1420 4846 mutuae
1439 4779 1561 4868 pietati
1577 4803 1749 4849 sororum.

1212 4881 1274 4951 Me
1298 4878 1466 4954 hactenus
1492 4886 1677 4976 impedivit
1701 4879 1813 4957 editio
1830 4877 2016 4954 Locorum
2034 4891 2099 4958 ‹lo-

1110 4984 1244 5054 ctrinae
1258 4980 1480 5056 Christianae
1499 4984 1730 5068 Germanica,
1757 5010 1827 5076 qrro
1848 4987 1966 5058 minus
1981 4984 2097 5059 Stan-

1143 5249 1425 5370 UJralter-hhndreas
1444 5249 1604 5319 Aurilsber,
1631 5249 1683 5306 rid.
1702 5270 1743 5324 ep.
1761 5255 1787 5310 d.
1805 5255 1848 5326 6.,
1871 5257 1897 5312 d.
1914 5256 1940 5311 7.
1959 5267 1985 5311 et
2005 5256 2032 5310 d.
2055 5258 2096 5314 10.

1210 5335 1239 5369 er
1251 5336 1269 5369 u
1306 5355 1313 5371 .
1331 5336 1354 5375 s.
