4776 6024
132 205 179 277 ts

129 397 211 458 nes,
244 374 303 441 sed
320 371 395 442 'ant
418 373 576 443 sananda
598 387 659 445 aut
681 375 828 461 tegenda
850 387 934 445 suut
957 376 1120 445 vulnera:

129 477 245 568 quod,
270 489 307 546 ut
328 473 485 556 faciatis,
508 496 718 566 magnopere
736 498 891 548 vosoro.
940 477 1121 547 Docemus
1176 474 1388 517 Μ

131 577 171 647 in
187 598 251 645 usu
266 575 410 646 Coenae
424 574 566 644 Domini
583 600 663 647 vere
677 590 711 647 et
725 577 1003 648 substantialiter
1017 581 1118 648 ades·
1216 669 1219 673 Ι

128 700 166 746 se
192 673 400 754 Christum,
439 688 472 745 et
503 677 673 746 efficacem
707 698 782 747 esse
814 678 853 746 in
884 680 1116 750 sumentibus.

127 778 212 848 Non
238 777 458 846 defendimus
473 772 731 870 εἰδολομανίας
747 774 1029 864 Monacborum,
1054 806 1116 873 qur

127 892 228 949 extra
253 902 355 948 usum
378 878 578 948 institutum
600 881 885 969 circumgestaut,
912 895 946 951 et
967 885 1118 951 adorant

128 993 267 1071 partem
283 979 506 1052 Sacrarmenti.
539 979 650 1072 Saepe
667 995 783 1051 autem
801 983 937 1072 optavi,
962 995 1002 1051 ut
1022 983 1116 1052 docti

131 1081 202 1149 viri
236 1080 537 1172 colloquerentur,
580 1095 615 1152 et
647 1083 902 1177 deliberatione
935 1106 1115 1152 commum

130 1183 274 1252 ederent
295 1181 503 1262 sententias,
535 1206 625 1275 quae
647 1187 892 1268 ostenderent,
926 1208 1015 1277 qnae
1041 1185 1116 1253 for-

132 1307 210 1351 mae
232 1283 418 1352 verborum
441 1283 647 1353 retinendae
669 1299 801 1368 essent,
840 1309 931 1377 qnae
952 1285 1114 1354 reficien-

130 1387 205 1454 dae.
268 1379 316 1453 Et
345 1384 535 1454 discrimen
567 1399 748 1479 utcunque
774 1387 993 1469 declararent
1023 1387 1116 1455 inter

127 1485 271 1553 localem
288 1508 350 1553 seu
365 1480 553 1578 Physicam
566 1488 812 1571 inclusionem,
832 1500 866 1557 et
882 1489 1113 1576 praesentiam

125 1587 161 1653 in
176 1609 253 1658 usu.
306 1584 377 1656 Sed
395 1587 522 1656 videtis
534 1587 581 1657 ita
598 1589 812 1658 exulceratas
829 1611 902 1657 esse
917 1590 1115 1659 voluntates

123 1688 343 1771 docentium,
367 1700 407 1757 ut
421 1686 597 1780 colloquia
611 1690 749 1760 institui
766 1714 838 1758 non
855 1689 1008 1779 possint,
1043 1688 1114 1757 Vos

123 1801 257 1858 vestrae
274 1785 453 1857 Ecclesiae
476 1813 684 1860 consensum
711 1807 745 1861 et
769 1791 995 1859 concordiam
1016 1805 1114 1860 tuea-

122 1889 224 1962 mini.
286 1888 315 1957 F
317 1890 399 1959 ilius
420 1889 487 1958 Dei
509 1906 560 1963 est
583 1889 775 1972 Emanuel‚
807 1917 847 1961 ac
870 1916 951 1961 vere
975 1905 1007 1962 et
1029 1892 1114 1960 sub-

124 1991 336 2063 stantialiter
372 1993 470 2063 adest
510 1995 625 2063 nobis.
688 1993 791 2062 Hanc
824 1993 1114 2084 propositionem,

124 2092 213 2175 scio,
241 2093 459 2167 verissimam
474 2117 557 2166 esse.
609 2093 711 2165 Hanc
726 2109 927 2179 teneamus,
957 2108 992 2164 et
1007 2093 1115 2162 intel-

123 2192 230 2281 ligere
244 2193 348 2260 etiam
364 2196 550 2268 discamus.
586 2194 684 2266 Bene
701 2210 736 2267 et
750 2195 901 2266 feliciter
917 2196 1006 2269 vale.
1036 2191 1113 2266 Cal.

124 2289 279 2363 Ianuarii
298 2291 407 2366 1553.
571 2304 574 2309 ’

861 2391 1062 2488 Philippus.

134 2783 202 2857 u..
218 2782 332 2857 asos.
367 2754 375 2767 ’
434 2850 436 2855 ⁴
539 2736 543 2743 ’

121 2881 333 2912 m
984 2885 1100 2912 ἢ

459 2990 528 3075 lo.
553 2990 766 3102 Sttgetio.

186 3166 272 3227 Dans.
291 3187 354 3242 epp.
371 3168 406 3223 ad
422 3166 517 3240 Stigel.
534 3186 577 3242 ep.
587 3169 633 3224 08.
668 3168 736 3226 cod.
756 3167 840 3225 Gotb.
859 3170 917 3229 188.
933 3189 976 3243 ep.
990 3172 1051 3230 tat.

709 197 1146 278 EPtSTOLARUM
1199 208 1302 284 utu.
1330 211 1413 290 llll.
1467 215 1596 295 156³.

1105 1085 1113 1100 ,
1193 1008 1344 1084 ΡαιιΙο
1368 1015 1537 1101 Ebero,

2118 238 2165 311 14

1173 377 1238 452 No.
1264 380 1379 457 6809.

2025 505 2154 530 Μ

1538 568 1594 654 Ρ.
1623 573 1785 663 Eburo.

1106 782 1115 798 ,
1238 739 1262 810 †
1279 740 1316 792 Er
1329 750 1434 814 autogr.
1448 741 1477 796 in
1491 742 1556 800 bibl.
1571 744 1688 804 Norinb.
1703 749 1863 827 descriptae
1880 759 1952 817 Clar.
1966 762 2114 823 Rannero.

1168 899 1328 987 Clarias.
1356 915 1451 1001 aira,
1491 913 1694 990 eruditione
1727 931 1759 992 et
1793 925 1921 999 virtute
1951 942 2161 1030 praestanti

1567 1019 1727 1116 collegae
1741 1033 1773 1094 et
1780 1026 1908 1126 sratri
1920 1056 1989 1102 suo
2006 1040 2132 1117 cariss.

1168 1145 1216 1232 S.
1240 1161 1286 1236 D.
1337 1160 1525 1237 Carissime
1541 1170 1661 1244 frater.
1693 1171 1769 1244 Scis
1786 1201 1841 1246 me
1860 1181 2064 1255 dulcissimo
2078 1212 2158 1259 ver-

1167 1284 1208 1329 su
1224 1259 1353 1331 Psalmi
1379 1268 1562 1337 delectari:
1589 1269 1844 1347 circumvallat
1866 1280 2024 1377 angelus
2038 1281 2155 1357 dumi·

1167 1360 1210 1428 ni
1228 1360 1392 1434 timentes
1413 1389 1502 1436 eam.
1552 1368 1660 1442 Hunc
1682 1379 1865 1464 angelum,
1891 1387 2024 1456 aeterni
2046 1391 2156 1480 patrie

1168 1463 1280 1532 filium
1296 1491 1372 1551 oro,
1396 1483 1437 1539 ut
1453 1483 1485 1538 et
1502 1494 1615 1540 meam
1630 1474 1813 1563 familiam,
1838 1496 1873 1553 et
1887 1500 2019 1556 vestras
2033 1505 2156 1580 prote·

1167 1577 1241 1652 gat,
1263 1579 1296 1634 et
1313 1561 1404 1636 banc
1420 1572 1631 1641 academiam
1649 1578 1820 1664 restituat,
1846 1587 2016 1672 gubernet
2031 1605 2065 1661 et
2079 1616 2155 1663 ser-

1166 1677 1234 1737 vet.
1286 1665 1340 1735 De
1362 1668 1487 1739 itinere
1499 1670 1639 1764 Lipsico
1659 1679 1880 1769 deliberabo,
1910 1712 1989 1757 cum
2007 1715 2085 1761 mea
2101 1693 2154 1765 fa-

1166 1766 1264 1836 milia
1297 1771 1497 1856 advenerit,
1537 1775 1601 1844 etsi
1633 1779 1803 1867 proficisci
1836 1783 1992 1878 Lipsiam
2025 1794 2154 1882 cogito.

1166 1865 1273 1937 Mitto
1298 1870 1363 1939 tibi
1380 1864 1554 1942 Fabricii
1566 1879 1721 1948 carmina
1738 1894 1771 1950 et
1788 1884 1931 1975 elegiam
1950 1886 2151 1965 scholastici

1166 1970 1277 2037 nostri
1301 1973 1522 2043 mediocrem.
1573 1976 1682 2047 Dabis
1705 1985 1862 2074 exempla
1878 1988 2017 2061 duobus
2033 1987 2153 2065 Mili-

1166 2063 1243 2136 chii
1270 2070 1373 2156 filiis,
1411 2076 1446 2144 d.
1471 2078 1608 2147 doctori
1631 2067 1900 2178 Christophoro
1929 2104 1963 2161 et
1993 2116 2153 2185 sponsae.

1166 2169 1273 2240 Mitto
1289 2185 1322 2240 et
1338 2176 1534 2266 exemplum
1551 2172 1779 2253 Brentianae
1796 2185 2024 2283 epistolae*),
2044 2221 2151 2289 quam

1165 2265 1272 2340 bodie
1286 2275 1403 2345 attulit
1420 2269 1718 2375 christophorus,
1740 2286 1873 2359 amicus
1889 2285 2058 2366 Andreae
2075 2292 2153 2367 Aa·

1165 2368 1316 2469 risabri.
1372 2377 1425 2446 De
1458 2386 1574 2470 pugna
1604 2384 1648 2451 ad
1677 2387 1815 2456 moenia
1845 2393 1945 2462 urbis
1966 2388 2152 2469 Maiensis

1157 2475 1271 2559 audio
1296 2473 1362 2547 boc
1377 2492 1513 2550 tantum
1531 2483 1730 2570 adfirmari,
1755 2481 1947 2561 Aeneidem
1963 2495 2152 2571 infeliciter

1165 2576 1377 2666 proeliatum
1401 2605 1490 2666 esse,
1516 2596 1549 2652 et
1572 2585 1701 2654 multos
1715 2587 1754 2655 in
1773 2593 1926 2665 exercitu
1943 2584 2080 2667 Caroli
2092 2601 2152 2668 in-

1163 2679 1324 2749 terfectos
1345 2704 1428 2754 esse.
1479 2681 1598 2772 Ipsum
1623 2682 1816 2757 Aeacidem
1840 2716 1960 2784 spero,
1985 2700 2150 2771 utillum

1010 2840 1017 2856 ,
1089 2843 1097 2858 ‚
1165 2777 1203 2845 in
1225 2775 1436 2862 Comoedia,
1470 2784 1538 2854 sibi
1561 2787 1639 2857 loco
1666 2787 1808 2865 cavisse.
1872 2793 2083 2871 Orationem
2105 2802 2150 2871 de

1162 2874 1296 2973 Mysia
1316 2907 1387 2953 non
1404 2885 1633 2957 iniucundam
1648 2888 1754 2977 lectu,
1780 2887 1924 2971 habebit
1940 2896 2151 2986 Hamelius,

1162 2976 1240 3051 Deo
1264 2983 1419 3058 iuvante.
1473 2986 1564 3059 Nam
1588 3015 1699 3082 paene
1713 2994 1860 3070 absolvi.
1907 3000 2005 3074 Bene
2022 3018 2056 3075 et
2069 3004 2149 3075 feli-

1162 3080 1248 3154 citer
1263 3088 1351 3157 vale.
1401 3091 1437 3159 2.
1453 3087 1621 3168 Ianuarii.

1895 3197 2096 3296 Philippus.
2123 3270 2126 3275 .

118 3340 340 3419 Clarissimo
367 3341 467 3429 viro,
494 3339 662 3434 ingenio,
695 3339 896 3415 eruditione
922 3354 954 3416 et
981 3346 1109 3441 virtute
1157 3407 1167 3415 .

115 3445 334 3546 praestanti,
352 3441 405 3519 D.
420 3441 598 3514 loanni
616 3439 840 3537 Stigelio,
858 3453 913 3544 τῷ
931 3450 1022 3543 Θεῷ,
1044 3447 1107 3522 καὶ

116 3554 197 3632 ταῖς
221 3543 417 3632 Μούσαις,
450 3538 635 3643 φιλτάτῳ,
661 3543 787 3643 sratri
809 3572 879 3619 sao
905 3549 1107 3639 carissimo,

555 3646 594 3721 S.
619 3648 662 3721 D.

117 3786 254 3875 Oariss.
278 3798 397 3867 frater.
455 3790 630 3863 Asstrmsit
658 3816 807 3861 massam
834 3795 945 3864 nostri
968 3798 1105 3886 generis

117 3902 210 3969 filius
228 3899 311 3978 Dei,
337 3911 377 3967 ut
392 3919 458 3965 nos
473 3908 581 3984 gestet
598 3919 638 3963 ae
653 3907 834 3964 sustentet.
865 3894 973 3967 Hunc
988 3911 1103 3968 tecum

121 4024 204 4087 oro,
225 4014 266 4070 ut
281 4000 407 4080 faciat,
433 4010 474 4066 ut
490 3993 545 4064 bic
561 3984 706 4065 {eniens
724 4020 839 4065 annus
858 3998 904 4068 sit
920 3999 1054 4070 faustus
1069 4014 1104 4071 et

121 4101 215 4171 felix.
252 4096 438 4189 ¹lticclesiae
458 4119 561 4180 suae,
588 4111 622 4167 et
640 4096 725 4181 tibi,
750 4109 784 4167 et
797 4110 877 4167 tuae
893 4101 1103 4171 domesticae

110 4198 318 4284 Ecclesiae,
354 4223 392 4268 ac
413 4194 703 4289 significationem
728 4199 850 4284 mitto,
884 4213 923 4270 ut
948 4202 1101 4272 iamdiu

113 4303 243 4373 solitus
257 4322 354 4384 sum,
379 4300 489 4370 donec
504 4322 575 4370 una
590 4322 663 4368 esse
679 4322 753 4367 non
769 4300 958 4390 potuimus.
1009 4301 1102 4374 Mit-

113 4418 223 4475 terem
250 4401 491 4493 splendidiore
517 4401 638 4485 xenia,
675 4394 876 4488 sttposs'em.
940 4402 1011 4472 Sed
1038 4406 1101 4474 tibi

113 4519 195 4576 nota
219 4517 254 4574 et
275 4503 424 4594 probata
446 4516 496 4573 est
518 4522 603 4586 vox,
631 4494 801 4594 χαρίτων
820 4495 861 4573 di
881 4495 1102 4600 θύμοςᾶρι-

114 4627 208 4686 στος.
274 4604 420 4677 Utinam
446 4603 618 4693 colloqui,
656 4615 844 4692 antequam
872 4627 913 4672 er
938 4599 1002 4673 bac
1028 4608 1099 4676 vita

112 4707 275 4784 discedo,
301 4705 442 4796 possim.
495 4702 659 4794 Significa
678 4725 826 4795 quaeso,
851 4728 897 4772 an
912 4708 1100 4793 scordium,

111 4809 208 4903 quod
224 4802 366 4897 Argelia
384 4803 561 4888 misimus,
586 4802 770 4894 acceperis.
821 4801 919 4875 Bene
938 4821 973 4879 et
988 4808 1097 4879 felici-

108 4923 164 4980 ter
178 4906 267 4981 vale.
319 4902 394 5005 Cal.
412 4902 579 5015 Ianuarii.
629 4900 728 4975 Anni
746 4901 857 4981 1553.
927 4936 933 4967 :

353 5056 388 5167 Ι,
495 5028 523 5171 i
550 5040 555 5049 Ι
590 5030 1049 5189 ..1)11111ρρυ1Μο13ηῑ1ιοη.

1159 3552 1224 3625 No.
1243 3554 1357 3628 5510.
1403 3569 1412 3597 ’-

1168 3650 1336 3679 w

2017 3570 2145 3698 Q

1484 3761 1547 3846 D.
1577 3763 1816 3882 Chytraeo.

1228 3929 1276 3999 (Er
1291 3928 1386 4041 [levid.
1402 3931 1530 4003 betnei
1544 3938 1664 4005 epistolis
1685 3958 1713 4011 p.
1727 3939 1817 4004 12⁸0.)

1409 4088 1604 4178 'Daotdt
1627 4103 1879 4206 Chytraeo.

1156 4240 1204 4326 S.
1232 4251 1277 4328 D.
1327 4249 1515 4326 Carissime
1530 4257 1649 4331 frater.
1689 4256 1768 4331 Etsi
1785 4287 1825 4332 ex
1842 4264 1912 4351 tuis
1930 4265 2042 4338 literis
2060 4294 2143 4363 cog-

1155 4354 1240 4425 novi
1266 4369 1362 4424 tuam
1386 4357 1603 4428 voluntatem
1632 4362 1676 4431 de
1692 4359 1868 4452 Augusta:
1902 4381 2018 4437 tamen
2041 4373 2087 4441 ad
2106 4387 2141 4444 te

1154 4457 1253 4526 mitto
1275 4471 1308 4525 et
1333 4470 1471 4527 senatus
1491 4456 1704 4550 Epistolam,
1735 4477 1769 4534 et
1785 4459 1985 4561 Baptistae
2007 4464 2141 4543 adhor-

1153 4558 1334 4627 tationem.
1372 4558 1568 4650 scripserat
1582 4578 1723 4635 senatus
1737 4566 1781 4635 de
1796 4563 1930 4663 Snepio
1944 4571 1990 4641 ad
2003 4569 2140 4645 Ducem

1152 4651 1359 4727 Iohannem
1389 4652 1642 4751 Fridericam,
1680 4664 1742 4758 qui
1783 4669 1870 4760 quid
1906 4676 2140 4764 responderit,

1152 4762 1311 4829 nondum
1330 4761 1413 4834 scio.
1465 4762 1535 4834 Sed
1550 4762 1746 4854 Augustam
1767 4768 1862 4841 misit
1878 4765 1903 4862 ¹)
1926 4783 2015 4858 tres,
2045 4801 2139 4870 quo·

1151 4886 1231 4931 rum
1253 4873 1345 4929 aetas
1362 4877 1413 4933 est
1427 4864 1632 4947 mediocris,
1659 4879 1692 4938 et
1705 4867 1864 4956 ingenia,
1890 4873 2139 4962 eruditionem,

1149 4987 1189 5032 ac
1208 4962 1373 5054 pietatem
1402 4985 1503 5055 spero
1524 4967 1605 5037 usui
1627 4969 1703 5036 fore
1724 4964 1914 5047 Ecclesiae.
1963 4972 2138 5047 Noriber·

1148 5087 1289 5152 gensem
1314 5058 1582 5146 Ketzmanum,
1621 5059 1863 5139 Methornum
1888 5071 2137 5166 Aldeburgen-

1181 5254 1209 5325 ΙΙ)
1230 5253 1349 5310 Videtur
1362 5276 1420 5312 esse
1433 5256 1535 5311 Breutii
1549 5255 1628 5329 epist.
1641 5258 1674 5315 ad
1688 5261 1756 5320 Md.
1771 5264 1797 5323 d.
1809 5265 1836 5327 d.
1849 5267 1876 5327 6.
1889 5267 1957 5326 Nor.
1973 5268 2051 5326 1⁵⁵2.

1184 5341 1211 5408 1)
1230 5341 1329 5393 misit?
1345 5370 1382 5387 -
1416 5340 1532 5396 Videtur
1547 5342 1725 5407 scribendum
1738 5355 1813 5408 mar.

2037 417 2069 479 2.
2084 410 2151 481 leo.
2238 424 2243 437 '
