4776 6024
122 355 204 431 297

140 525 208 597 No.
223 522 336 598 5612.

133 621 347 657 Μ
462 703 529 788 Io.
562 705 772 822 Stipetto.

193 871 284 927 Dana.
298 886 360 941 epp.
369 868 403 921 ad
416 866 512 938 suget.
528 886 570 938 ep.
580 866 623 919 79.
661 869 730 924 Cod.
746 867 830 925 Goth.
845 870 903 927 188.
919 873 1030 943 ep.146.

688 350 1127 428 EPISTOLARUM
1179 351 1396 428 LlB.Xll.
1451 356 1581 433 1554.

792 538 849 600 28.
867 529 941 593 Maii
955 530 1119 612 (Neumb.)
1172 535 1288 592 vetera
1304 538 1337 593 et
1358 527 1509 596 recentia
1536 549 1658 616 magna
1683 527 1810 596 scelera
1834 528 1971 597 duriter
1993 534 2163 621 quassan-

802 627 1115 669 Μ
1168 637 1228 692 tur
1254 638 1286 694 et
1311 627 1457 716 imperia
1478 642 1512 696 et
1533 624 1721 699 Ecclesiae.
1784 627 1855 696 Nec
1877 642 2013 698 tantum
2044 633 2160 700 rabies

2088 361 2163 434 298

1167 726 1453 796 adversariorum
1478 743 1679 797 nostrorum
1713 742 1747 798 et
1770 731 1964 818 petulantia
1995 729 2159 819 ingenio-

1167 850 1266 910 rum,
1299 831 1358 895 scd
1386 831 1490 918 etiam
1518 824 1665 900 αὐλικαὶ
1694 823 2051 926 noivnpoypoodvot
2081 846 2159 901 tur-

1166 927 1249 994 bant
1268 925 1453 1002 Ecclesias.
1506 929 1718 999 Indicuutur
1734 932 1871 1023 Synodi
1887 933 1962 999 sine
1981 934 2157 1020 guberna—

121 1023 352 1104 Clarissimo
376 1025 469 1109 viro,
503 1023 666 1116 ingenio,
700 1021 902 1095 eruditione
932 1038 963 1096 et
988 1028 1117 1100 oirtote
1166 1041 1252 1096 tore.
1304 1025 1487 1098 Hassioci
1508 1027 1577 1101 bue
1599 1045 1793 1115 venerunt,
1818 1045 1851 1101 et
1875 1029 1988 1102 isthuc
2005 1028 2157 1101 Sleida-

119 1127 350 1230 praestanti,
389 1122 443 1199 D.
470 1120 500 1193 Ι
506 1124 651 1192 oanni
675 1122 903 1221 Stigelio,
935 1135 990 1225 τῷ
1024 1133 1114 1226 Θεῷ,
1165 1151 1235 1196 nus
1251 1145 1389 1220 praeter
1406 1127 1470 1201 hos
1488 1147 1521 1202 et
1536 1157 1592 1200 me
1614 1147 1648 1201 et
1668 1156 1765 1201 meos
1793 1134 1942 1222 collegas
1965 1158 2069 1202 nemo
2091 1136 2156 1203 ad-

123 1229 188 1308 καὶ
211 1234 294 1312 ταῖς
317 1221 513 1312 Μούσαις,
532 1221 728 1341 ιφιλτάτῳ,
756 1229 883 1328 fratri
906 1254 973 1300 suo
999 1233 1115 1302 coris-

501 1352 613 1408 simo,
640 1329 676 1401 S.
691 1330 737 1403 Ι).

125 1456 285 1541 Doctiss.
300 1465 357 1533 vir
373 1476 408 1533 et
425 1463 541 1533 cariss.
558 1464 675 1536 irater.
728 1463 810 1533 Non
825 1467 854 1534 si
877 1480 1014 1538 tantum
1030 1469 1113 1536 fun-

127 1573 210 1639 dere
223 1569 456 1660 lacrymarum
470 1587 627 1655 possem,
654 1581 826 1656 quantum
845 1572 1022 1637 undarum
1036 1571 1114 1637 vol-

123 1672 175 1740 vit
191 1664 249 1739 hic
265 1666 347 1738 Sala
364 1680 495 1747 vester,
522 1667 626 1735 dolor
643 1692 739 1735 mens
755 1668 859 1734 leniri
883 1683 1017 1758 posset,
1043 1695 1113 1761 quo
1311 1735 1319 1749 ,

120 1770 268 1842 adficior
292 1769 435 1844 intuens
459 1762 550 1836 hanc
571 1769 684 1856 ripam
702 1767 805 1836 Salae
829 1782 862 1837 et
887 1772 1042 1857 cogitans
1065 1796 1114 1854 ea,
1162 1748 1233 1819 gan
1266 1756 1338 1802 ⁸⁰¹⁸
1374 1748 1525 1824 P⁰⁸⁵⁸¹¹¹·

123 1895 211 1967 quae
225 1869 452 1951 acciderunt,
479 1883 512 1938 et
528 1892 647 1937 causas
663 1893 804 1950 eorum,
827 1884 1010 1962 postquam
1027 1872 1111 1938 olim

121 1987 258 2055 tecum,
285 1985 319 2040 et
337 1995 416 2039 eum
431 1970 508 2037 aliis
524 1970 664 2052 amicis,
690 1994 778 2062 quos
801 1967 914 2039 adlmc
932 1997 1012 2040 vere
1029 1972 1112 2039 dili-

124 2097 186 2165 go‚
211 2074 251 2142 in
269 2066 333 2141 hae
349 2071 425 2160 n'pa
442 2071 648 2139 suavissime
667 2072 747 2142 vixi.
798 2070 871 2139 Nec
891 2074 1004 2141 solum
1024 2088 1113 2143 tem-

1101 2175 1109 2190 ·
1161 2147 1200 2203 ut
1223 2136 1339 2203 exules
1355 2131 1520 2227 Anglos,
1547 2149 1580 2204 et
1596 2130 1743 2203 Petrum
1761 2131 1970 2230 Martyrem
1990 2150 2151 2208 amanter

122 2199 187 2266 pus
208 2197 265 2244 res
288 2168 460 2242 humanas
484 2185 613 2255 mutat,
647 2173 745 2240 utin
774 2195 875 2240 versu
899 2172 1109 2242 Nazianzenr

121 2277 273 2346 diciturs

217 2395 320 2466 πάντα
337 2397 452 2487 χρόνος
471 2410 628 2467 πεσσοῖσιν
650 2398 744 2482 ὁμοία
765 2399 839 2488 τῇδε
861 2404 1002 2486 antevid,

131 2522 193 2592 sed
219 2535 335 2592 nostra
361 2522 482 2614 'potius
513 2523 659 2607 delicta,
701 2547 791 2615 quae
825 2525 1009 2614 deplorare
1036 2547 1109 2591 non

127 2646 234 2696 cesso.
284 2621 354 2691 Nec
368 2624 472 2692 multi
488 2637 586 2706 sunt,
613 2648 693 2692 cum
712 2625 840 2715 quibus
858 2626 1012 2718 colloqui
1029 2624 1110 2693 lieet

124 2728 169 2796 de
191 2719 249 2793 his
269 2722 355 2816 ipsis
374 2724 489 2797 malis.
540 2725 610 2794 Sed
637 2726 789 2814 reprimo
819 2751 886 2794 me.
938 2727 978 2797 Si
1002 2721 1108 2794 bodie

124 2822 238 2896 Snevi
256 2848 330 2894 non
356 2826 521 2908 venient,
547 2839 586 2895 ut
607 2826 816 2905 ratiociuor,
846 2852 919 2895 non
942 2841 1108 2896 venturos

123 2952 214 3013 esse,
240 2921 433 3010 crashinc‚
458 2923 533 2994 Deo
550 2927 711 3010 iuvante,
736 2928 966 3002 discedemus.
1006 2926 1108 2996 Ami·
1157 2905 1223 2976 ΝΟ·
1237 2901 1352 2978 5614·

122 3030 239 3100 citiam
259 3043 517 3100 veronostram
537 3030 617 3096 volo
630 3042 839 3119 perpetuam
857 3053 948 3113 esse,
975 3054 1043 3122 qua
1069 3029 1106 3095 in

122 3131 261 3200 coelesti
281 3130 535 3198 consuetudine
557 3130 725 3201 fruemur.
778 3126 825 3198 Et
849 3145 965 3200 tamen
988 3124 1108 3198 iubae

123 3233 193 3302 vita
209 3233 317 3302 etiam
331 3244 443 3322 potest
458 3227 611 3319 Reipub.
628 3255 767 3314 eorum,
790 3232 852 3323 qui
869 3234 1009 3315 docent,
1036 3253 1109 3298 esse

123 3333 339 3404 coniunctio.
391 3329 444 3400 De
466 3332 681 3419 gravissimis
703 3333 1004 3421 disputationibus
1028 3355 1108 3400 cum

123 3436 197 3505 viro
214 3432 420 3505 doctissimo
441 3445 475 3501 et
491 3433 623 3524 optimo
643 3433 686 3501 D.
703 3428 863 3528 Sneppio
879 3429 905 3526 ¹)
928 3435 1109 3524 colloquar

122 3538 334 3630 aliquando,
359 3534 494 3601 etiamsi
516 3558 611 3602 nunc
628 3531 698 3603 huc
720 3558 792 3601 non
809 3535 953 3606 accedit.
1005 3533 1109 3602 Salu-

124 3649 197 3706 tem
210 3639 277 3727 ipsi
291 3649 325 3705 et
341 3635 463 3704 ceteris
481 3635 641 3723 collegis,
667 3649 701 3703 et
714 3635 814 3703 vobis
833 3635 999 3702 omnibus
1015 3645 1109 3722 opto.

128 3733 225 3806 Bene
240 3750 273 3808 et
285 3736 434 3808 feliciter
445 3737 542 3821 vale,
568 3740 626 3806 die
638 3737 700 3807 20.
717 3735 806 3803 Maii
825 3731 866 3826 ²).
917 3732 1110 3822 Naoburgi.

631 3834 819 3929 Philippus
836 3830 1059 3905 Melanthun.

127 4169 318 4298 Q.

944 4042 1108 4052 --—--

191 4502 271 4560 Edita
293 4505 322 4558 in
340 4504 386 4557 Io.
406 4503 514 4556 Feebtii
527 4501 622 4555 histor.
641 4502 737 4556 eccles.
755 4520 809 4555 sec.
822 4499 896 4557 XVI.
912 4498 1001 4572 suppl.
1019 4516 1044 4568 p.
1059 4498 1103 4553 89.

127 4655 226 4729 Iob.
251 4656 307 4730 M
313 4653 521 4731 a'rbaehi
528 4684 565 4739 o,
594 4637 736 4727 docenti
755 4653 906 4754 Evang.
931 4656 969 4727 in
988 4653 1115 4727 Eccle-

504 4759 565 4830 sia
582 4763 733 4855 Argent.

125 4878 174 4965 S·
200 4891 245 4964 D.
285 4866 495 4967 Reverende
513 4894 567 4962 vir
582 4908 615 4961 et
633 4893 809 4962 carissime
825 4895 942 4966 frater.
986 4889 1113 4960 Fatum

425 4342 492 4426 Io.
525 4341 808 4427 Marbaeltc'o.

1164 1230 1241 1301 luit.
1293 1230 1397 1300 Nunc
1412 1234 1518 1301 audio
1542 1233 1660 1301 moliri
1678 1235 1866 1326 quosdam,
1892 1249 1932 1305 ut
1956 1235 2025 1302 alia
2047 1257 2154 1327 syno-

1164 1332 1229 1397 dus
1246 1331 1433 1406 indicatur.
1472 1333 1614 1404 Utinam
1631 1336 1805 1424 principes
1819 1336 1985 1405 audirent
2006 1335 2154 1405 meliora

1164 1432 1320 1504 consilia.
1374 1432 1427 1501 Te
1442 1457 1545 1522 rogo,
1568 1448 1608 1502 ut
1623 1430 1709 1501 mihi
1726 1459 1830 1525 quam
1848 1437 2002 1525 primum
2021 1436 2152 1504 scribas

1164 1545 1262 1599 tuum
1295 1533 1466 1602 iudicium
1501 1536 1545 1601 ile
1577 1529 1645 1602 hoc
1674 1549 1796 1603 nostro
1829 1537 1931 1602 brevi
1962 1535 2153 1628 colloquio.

1162 1630 1296 1721 Scripsi
1317 1634 1411 1701 enim
1432 1634 1691 1718 narrationem,
1717 1648 1759 1703 ut
1781 1636 1909 1704 referre
1932 1637 2067 1728 aliquid
2083 1634 2153 1706 Le-

1222 1732 1231 1747 '
1576 1732 1625 1805 Et
1658 1759 1859 1828 quanquam
1894 1736 2151 1826 simplicissime

1162 1833 1281 1901 omnia
1297 1836 1423 1925 scripta
1440 1850 1541 1920 sunt,
1564 1849 1682 1905 tamen
1698 1833 1892 1903 calumnias
1908 1850 2037 1910 metuo.
2078 1835 2150 1906 Ve-

1162 1946 1253 2001 strae
1268 1933 1443 2004 Ecclesiae
1455 1952 1488 2005 et
1503 1937 1583 2004 urbi
1607 1936 1897 2027 tranquillitatem
1912 1950 2008 2024 opto,
2034 1950 2069 2004 et
2083 1961 2147 2007 oro
2238 2002 2242 2009 .

1161 2035 1273 2103 filium
1296 2033 1381 2119 Dei,
1407 2050 1447 2105 ut
1473 2059 1535 2103 vos
1558 2051 1590 2104 et
1614 2057 1678 2102 nos
1700 2037 1882 2123 gubernet.
1934 2032 2011 2105 Oro
2033 2037 2150 2122 etiam,

1161 2235 1403 2326 complectaris
1417 2236 1464 2332 *).
1517 2236 1586 2328 lpsi
1603 2237 1707 2305 etiam
1723 2238 1848 2328 scripsi
1864 2253 1898 2308 et
1920 2262 1999 2306 eum
2015 2232 2150 2307 adhor-

1161 2352 1217 2404 tor
1251 2339 1295 2406 ad
1330 2342 1499 2407 tuendam
1534 2336 1711 2406 Ecclesiae
1744 2351 1880 2408 vestrae
1911 2340 2149 2415 concordiam,

1159 2435 1255 2507 Bene
1276 2439 1363 2512 vale.
1413 2438 1482 2509 Die
1507 2438 1569 2514 29.
1591 2437 1692 2512 Maii.

1896 2534 2097 2632 Philippus.

1976 2917 2035 2978 29.
2050 2907 2134 2971 lllati.

1973 2999 2145 3030 w

1462 3089 1599 3173 Henr.
1630 3088 1841 3174 Mollero.

1226 3267 1248 3329 †
1264 3263 1302 3316 Ex
1315 3281 1409 3335 apogr.
1420 3262 1448 3317 in
1462 3262 1524 3322 eod.
1536 3261 1623 3318 Paris.
1641 3261 1677 3317 D.
1693 3264 1722 3317 t.
1736 3262 1797 3314 54³.

1164 3001 1335 3030 w

1190 3413 1335 3486 Virtute
1367 3425 1397 3485 et
1427 3411 1629 3485 eruditione
1661 3413 1884 3509 praestanti,
1924 3407 2123 3506 Magistro
2243 3444 2252 3459 ·

1185 3512 1392 3586 Henrico
1423 3511 1965 3631 Molleroulloomburgensi,
1999 3512 2127 3614 fratri

1524 3640 1554 3687 s.
1578 3638 1780 3688 carissimo.

1164 3749 1210 3838 S.
1230 3763 1276 3839 D.
1325 3762 1512 3835 Carissime
1528 3763 1694 3838 Henriee.
1746 3764 1873 3835 Fatum
1888 3759 1954 3832 boc
1973 3776 2149 3833 estextre-
2254 3750 2268 3773 ’

1164 3890 1241 3936 mae
1265 3879 1421 3936 senectae
1443 3868 1588 3948 mundi,
1613 3869 1707 3960 quod
1733 3880 1876 3959 propter
1899 3865 2008 3933 multa
2031 3876 2149 3932 vetera

1165 3980 1199 4036 et
1219 3970 1371 4037 recentia
1395 3991 1520 4056 magna
1548 3970 1675 4038 scelera
1699 3963 1918 4036 horribiliter
1939 3976 2151 4057 quassantur

1166 4083 1199 4138 et
1213 4068 1363 4160 lmperia
1378 4082 1413 4138 et
1428 4065 1624 4152 Ecclesiae,
1648 4082 1690 4138 ut
1705 4069 1859 4135 vidimus
1881 4067 2018 4158 aliquot
2035 4087 2151 4133 anno-

1165 4195 1245 4240 rum
1261 4171 1453 4254 tumultus,
1478 4184 1512 4240 et
1528 4171 1626 4262 quasi
1651 4169 1792 4259 euripos
1816 4168 1922 4235 miras
1936 4165 2151 4235 vicissitudi-

1166 4294 1238 4340 nes.
1272 4271 1393 4363 ltaque
1410 4284 1443 4339 et
1458 4273 1704 4338 confirmemus
1719 4270 1869 4351 animos,
1895 4283 1934 4338 ut
1948 4268 2039 4335 ferre
2055 4290 2152 4335 com-

1165 4395 1289 4439 munes
1305 4395 1490 4439 aerumnas
1509 4372 1702 4454 diseamus,
1729 4384 1761 4438 et
1778 4384 1937 4460 petamus
1959 4368 2067 4436 afilio
2083 4364 2153 4434 Dei

1166 4473 1429 4559 mitigationem.
1486 4469 1540 4541 De
1561 4486 1622 4542 tuo
1644 4484 1742 4562 patre
1764 4495 1866 4562 saepe
1890 4471 1928 4537 in
1945 4464 2000 4536 his
2019 4466 2153 4558 patriae

1167 4587 1246 4642 tuae
1267 4573 1431 4663 periculis
1456 4573 1615 4662 cogitavi.
1664 4571 1736 4641 Nee
1760 4584 1897 4642 tantum
1927 4569 2154 4659 ingeniorum

1165 4675 1359 4764 petulantia
1384 4667 1453 4769 [et]
1478 4675 1592 4743 rabies
1616 4674 1914 4755 adversariorum,
1955 4673 2016 4739 sed
2048 4671 2153 4740 etiam

1167 4773 1206 4844 oi
1231 4769 1378 4847 adtracti
1405 4768 1764 4871 πολυπραγμοσύναι
1792 4771 1966 4841 Ecclesiae
1996 4772 2155 4843 turbant.

1166 4875 1239 4947 Cur
1255 4873 1313 4947 hic
1330 4892 1523 4946 conventus
1539 4879 1582 4946 ad
1601 4877 1719 4946 Salam
1738 4875 1892 4943 indictus
1909 4873 1971 4956 sit,
1998 4897 2042 4941 ne
2060 4895 2156 4940 nunc

124 4989 193 5065 hoc
219 5010 272 5065 est
304 5010 478 5066 extremae
513 5008 671 5064 senectae
704 4995 848 5078 mundi,
878 5005 1115 5087 quopropter
1168 4980 1309 5069 quidem
1333 4980 1416 5047 ⁸⁶50·
1464 4977 1582 5047 Hodie
1603 4976 1730 5064 lellus,
1755 4972 2011 5058 Dfl⁰luvat¹les
2041 4973 2157 5040 ‘ll-‘⁵⁶²‘

159 5206 185 5270 l)
205 5202 295 5257 Dana.
313 5204 481 5270 Schneppio.

157 5291 187 5358 2)
204 5292 270 5342 Non
282 5290 310 5341 d.
324 5291 367 5344 20.
381 5288 449 5344 Maii
470 5291 568 5358 scripta
588 5306 645 5342 etse
665 5293 768 5356 potest,
791 5301 874 5354 quum
892 5303 925 5336 eo
943 5284 988 5338 die
1003 5283 1113 5337 Melan-

191 5357 483 5480 ilihiiimbiiiil'
495 5353 987 5478 latitate?iblblfll’
1000 5351 1114 5475 pappi

193 5444 512 5566 esaisgnoieendumis
529 5491 719 5549 scribendum
736 5464 780 5548 28:
794 5489 870 5546 Maii.
962 5439 998 5494 ΥΡ
1019 5438 1050 5492 ff
1067 5438 1083 5492 p

1167 5082 1267 5163 dam,
1300 5081 1345 5147 ad
1370 5102 1432 5148 vos
1454 5091 1547 5146 recta
1567 5077 1700 5153 iturus,
1734 5077 1830 5166 quod
1860 5075 2036 5145 indicabis
2058 5094 2156 5138 meae

1168 5241 1392 5258 ...ο-*Φθ-

1199 5347 1229 5412 *t
1248 5345 1291 5399 De
1309 5342 1393 5395 Petro
1406 5341 1488 5395 Mart.
1501 5349 1528 5394 et
1542 5339 1714 5394 Bernardino
1727 5340 1854 5403 (lebino,
1874 5340 1920 5409 qui
1935 5345 2046 5407 propter
2059 5357 2154 5408 perse.

1235 5413 1357 5471 cotiones
1376 5429 1407 5464 ex
1427 5414 1467 5463 Ao
1489 5409 1522 5463 tia
1546 5409 1671 5464 abierunt
1696 5430 1769 5464 anno
1786 5409 1861 5462 1553.
1887 5417 1912 5460 et
1938 5408 2152 5477 Argentoratum

1234 5488 1380 5550 venerunt,
1394 5478 1447 5536 stt
1459 5429 1578 5536 Slleidni
1592 5477 1861 5549 commencpnot.
