4776 6024
169 337 244 411 26?

740 320 1175 402 EPISTOLARUM
1226 318 1329 396 [ΑΒ
1355 319 1438 399 Xll.
1492 318 1620 393 1⁵54.

2094 318 2195 400 ⁴200

175 510 236 605 qui
254 509 479 576 laetabuntur
497 503 707 593 cogitatione
722 501 865 572 virtutis
882 499 1069 568 maiorum.
1105 492 1158 563 Te
1211 487 1412 584 Georgia
1437 482 1683 572 Fabricio,
1723 487 1895 585 (gubern.
1921 484 2037 563 sebai.
2062 488 2202 594 Misn.)

174 632 315 704 quoque
337 607 408 675 scio
434 609 558 676 talium
585 606 794 697 scriptorum
819 602 968 671 lectione
984 595 1159 669 delectari.

176 710 296 798 Quare
320 710 362 776 de
386 702 452 776 hac
475 734 513 777 re
536 710 579 777 ad
601 721 635 777 te
657 706 792 796 scripsi.
841 701 929 772 Peto
945 715 1060 770 autem
1077 721 1161 789 pro-

177 824 254 902 pter
274 809 458 878 literarum
481 805 653 879 honorem
678 819 714 876 et
738 804 834 874 aliud
861 803 1027 871 officinm.
1091 795 1161 865 Hrc

176 908 360 981 Henricas
383 910 560 980 dedicavit
575 907 721 979 Senatui
742 916 856 973 vestro
880 924 1039 979 carmen,
1065 897 1162 990 quod

179 1037 260 1082 cum
286 1007 450 1080 exhibere
478 1011 579 1093 velit,
617 1030 706 1099 opus
730 1019 781 1074 est
803 1003 835 1072 ei
858 999 1163 1072 commendatione

181 1130 241 1183 tua
264 1114 309 1182 ad
333 1111 523 1182 consulem.
573 1107 649 1181 Scis
667 1108 729 1176 illa
744 1097 947 1174 Theocriti:
981 1098 1085 1194 αὐτῷ
1098 1091 1165 1191 μοι’

181 1240 217 1286 τι
239 1210 400 1312 γένοιτο,
439 1205 521 1281 θεοὶ
543 1213 702 1298 τιιιιῶσιν
724 1199 890 1286 doctioris·
940 1204 1013 1274 Nec
1034 1202 1164 1271 mirum

185 1328 254 1399 est,
287 1338 361 1381 non
394 1312 512 1406 appeti
546 1325 681 1378 nostras
710 1329 841 1376 merces
871 1308 910 1376 in
936 1300 1003 1374 bac
1024 1302 1165 1372 misena

183 1431 394 1507 temporum.
443 1410 497 1481 Te
511 1425 629 1480 tamen
641 1433 716 1491 oro,
736 1423 776 1479 ut
790 1407 926 1501 aliquid
941 1406 973 1475 ei
991 1406 1166 1495 impetres.

184 1514 281 1587 Bene
295 1515 383 1585 vale.
434 1510 502 1583 Die
522 1509 578 1584 tt.
595 1510 740 1601 Aprilis.

1212 627 1260 714 S·
1284 637 1331 709 Ι).
1379 636 1559 722 Fratrem,
1585 641 1701 708 virum
1718 604 1903 731 optimum,
1928 640 2014 711 iussi
2027 644 2072 714 ad
2086 643 2203 716 Sena-

1131 797 1140 814 .
1213 758 1288 814 tum
1315 734 1584 811 Northusanum
1619 741 1811 833 proficisci,
1854 757 1896 813 ut
1921 765 2039 813 coram
2065 747 2203 832 audiat,

1214 843 1299 936 quid
1320 841 1429 910 velint
1446 855 1607 916 statuere.
1644 843 1734 913 Num
1750 867 1848 912 mora
1864 844 1934 912 iam
1950 845 2118 918 attulerat
2134 849 2203 919 ali-

1216 944 1301 1037 quid
1332 942 1429 1016 novi.
1490 936 1637 1014 Obtulit
1671 945 1765 1013 enim
1797 945 1888 1015 alius
1919 968 2018 1015 suam
2045 972 2202 1039 operam.

1216 1047 1286 1116 Sed
1322 1068 1401 1112 cum
1428 1041 1579 1114 Senatus
1610 1047 1654 1113 ad
1682 1069 1737 1113 me
1763 1045 1974 1136 scripsisset,
2004 1048 2124 1118 fratris
2149 1052 2204 1121 tui

1217 1144 1432 1213 mentionem
1450 1145 1528 1218 feci.
1566 1144 1634 1216 Sed
1652 1148 1938 1217 commendemus
1951 1173 2016 1218 uos
2032 1149 2106 1221 filio
2124 1149 2204 1237 Dei,

1133 1299 1143 1316 .
1218 1245 1356 1317 custodi
1367 1234 1563 1332 Ecclesiae,
1587 1247 1698 1317 cuitu
1715 1271 1856 1342 quoque
1871 1249 1928 1339 pie
1944 1251 2066 1325 servis.

1322 1427 1415 1498 Aula
1434 1429 1533 1499 iubet
1545 1453 1611 1500 nos
1625 1425 1911 1530 Naopyrgam¹)
1927 1437 2106 1520 accedere,
2131 1461 2204 1530 quo

1221 1527 1367 1600 Saeaici
1380 1544 1413 1600 et
1425 1526 1600 1601 Hessiaci
1611 1535 1771 1603 doctores
1788 1537 1929 1606 venturi
1945 1560 2017 1606 esse
2038 1538 2205 1607 scribun-

1134 1636 1138 1643 '
1164 1666 1167 1673 ·
1222 1647 1290 1704 tur.
1324 1630 1476 1700 Miratus
1489 1656 1566 1701 sum
1581 1630 1674 1703 hanc
1691 1636 1922 1727 perniciosam
1938 1640 2206 1735 πολυπραγμο-

205 1949 271 2021 Νο.
288 1945 399 2021 5688.

191 2044 403 2082 Μ

837 1952 894 2013 16.
909 1944 987 2025 Apr.
1014 1945 1146 2027 (ΜΡ)

816 2039 1171 2081 Μ

508 2144 607 2229 Vol.
634 2139 850 2229 Hcclcero.

259 2330 280 2390 t·
298 2323 334 2377 tt·
347 2339 440 2394 apogr.
455 2321 484 2373 in
496 2318 558 2376 cod.
572 2316 658 2372 Paris·
676 2314 713 2373 D.
726 2314 756 2373 b.
773 2314 832 2375 5⁴⁸,

221 2493 485 2570 Valentino
510 2487 699 2568 Hesion,
724 2482 878 2558 Pastori
898 2483 1086 2558 Ecclesiae
1107 2487 1146 2559 in

554 2583 803 2661 Schwibasen.

189 2734 409 2818 Veneranda
425 2741 496 2820 vir,
522 2740 633 2809 amice
650 2739 839 2812 carissime
876 2737 1041 2809 Delector
1055 2741 1170 2810 officio

188 2834 271 2933 tuo,
301 2840 552 2940 quodaliquid
572 2841 616 2909 de
634 2854 692 2911 tua
708 2836 863 2909 Ecclesia
882 2840 1103 2927 significasti,
1132 2866 1172 2912 ac

187 2961 289 3042 peto,
312 2960 352 3017 ut
365 2969 466 3035 saepe
482 2944 525 3010 ad
542 2966 597 3009 me
611 2943 754 3013 scribas.
804 2939 951 3010 Prodest
966 2941 1080 3018 enirn.
1107 2966 1171 3010 nos

189 3049 356 3121 omnibus
398 3044 521 3118 officiis
561 3042 653 3111 tueri
682 3041 968 3111 coniunctionem
1002 3055 1170 3114 nostram.

188 3149 408 3232 Diaconum,
438 3166 543 3238 quem
565 3143 744 3226 misimus,
768 3165 870 3232 spero
890 3156 981 3211 recte
997 3142 1170 3212 facturum

189 3274 263 3320 esse
288 3249 394 3317 officii
418 3246 473 3314 sui
495 3244 643 3317 labores.
692 3237 740 3312 Et
760 3254 841 3312 tuae
865 3243 1072 3332 prudentiae
1093 3244 1171 3327 erit,

189 3376 270 3422 eum
289 3352 497 3439 gubernare.
548 3342 596 3414 Et
613 3345 744 3415 iustum
760 3356 827 3425 est,
853 3367 931 3412 eum
952 3343 1016 3412 tibi
1034 3345 1171 3414 obtem-

110 3510 114 3517 .
189 3474 323 3544 perare.
382 3445 436 3517 De
464 3441 649 3514 Stancaro
686 3457 765 3535 post
797 3444 873 3514 eius
907 3444 1096 3514 discessum
1129 3469 1171 3514 ex

189 3549 442 3621 Francofordia
470 3541 563 3614 nihil
589 3545 710 3615 audivi
735 3557 871 3636 praeter
895 3545 972 3629 itta,
1012 3569 1101 3639 quae
1131 3559 1171 3616 tu

189 3649 402 3742 significasti.
450 3642 527 3736 Ego
551 3671 629 3717 eum
648 3669 830 3737 nunquam
848 3647 942 3731 vidi,
968 3661 1003 3716 et
1018 3647 1170 3737 optarim

161 3793 164 3798 ⁴
188 3754 307 3848 potius
320 3751 472 3820 amicum
488 3770 561 3816 esse
576 3748 706 3815 nostris
718 3742 903 3830 Ecclesiis,
928 3772 1034 3839 quam
1051 3747 1173 3815 inimi·

188 3879 280 3927 cum.
330 3849 403 3920 Nec
419 3872 578 3940 unquam
596 3848 680 3916 laesi
695 3869 795 3935 euru,
822 3870 901 3914 cum
920 3850 994 3936 ipse
1012 3848 1049 3915 in
1066 3861 1172 3917 meet

189 3957 277 4026 alios
305 3951 528 4023 acerbissime
557 3943 790 4018 debacchatus
812 3946 868 4020 sit.
933 3946 1003 4018 Sed
1027 3948 1096 4017 tale
1121 3961 1172 4018 est

190 4057 346 4126 seculum
374 4048 463 4136 boc,
505 4052 650 4141 plenum
681 4047 881 4137 arrogantia
904 4061 938 4115 et
967 4049 1172 4137 petulantia.

189 4154 264 4227 Nos
279 4154 434 4223 modeste
447 4153 616 4222 faciamus
632 4176 689 4235 ea,
715 4171 804 4242 quae
821 4161 905 4218 sunt
923 4149 1036 4220 nostri
1053 4150 1172 4231 officii,

190 4269 224 4326 et
247 4276 312 4323 nos
327 4249 403 4321 Deo
428 4254 732 4334 commendemus,
759 4263 793 4320 et
810 4251 911 4320 abeo
929 4266 1108 4342 petamus,
1132 4265 1174 4322 ut

190 4381 255 4425 uos
278 4356 451 4444 gubernet
472 4365 507 4421 et
525 4354 686 4438 adiuvet,
714 4375 754 4422 ac
768 4350 877 4421 simus
891 4375 1063 4447 mqnores
1078 4365 1173 4423 vete-

190 4459 239 4525 ris
254 4457 359 4524 dicti:
386 4448 521 4544 ἀνέχου
539 4447 603 4521 καὶ
618 4449 765 4544 ἀπέχου.
807 4451 915 4522 Mitto
933 4455 996 4524 tibi
1012 4454 1174 4545 pagellas.

190 4555 288 4624 Bene
305 4554 383 4624 vale
401 4567 435 4623 et
450 4552 612 4626 rescribe.
666 4552 723 4627 16.
739 4547 884 4644 Aprilis.
1087 4649 1110 4724 b

195 4915 569 4931 *w

1022 5092 1175 5217 Q

531 5284 582 5370 G.
609 5285 832 5370 Fabricio.

260 5456 282 5522 †
300 5453 336 5506 Er
350 5443 506 5524 apographo
519 5443 547 5499 itt
561 5442 658 5500 codiee
674 5408 829 5502 Ziltavieuei
848 5462 890 5518 ep.
904 5448 948 5507 82.
1024 5416 1028 5425 Ι

1224 1727 1351 1824 odam.
1387 1731 1459 1802 Tot
1474 1734 1600 1804 moniti
1615 1737 1802 1826 exemplis,
1828 1737 1866 1805 in
1881 1739 2010 1831 quibus
2024 1739 2205 1824 viderunt,

1224 1847 1394 1926 quantum
1410 1835 1494 1902 mali
1507 1839 1667 1909 adseram
1683 1835 1819 1932 Synodi
1836 1852 1870 1907 et
1882 1839 2022 1908 fucosae
2035 1840 2206 1910 concilia-

1225 1936 1338 2002 tiones
1364 1950 1424 2004 aut
1450 1939 1669 2028 corruptelae
1690 1962 1812 2008 rursus
1835 1939 1997 2010 indicunt
2017 1941 2207 2033 synodum.

1226 2033 1277 2105 Ac
1291 2038 1451 2105 nondum
1467 2039 1549 2119 scio,
1574 2040 1671 2108 unde
1684 2054 1760 2112 orta
1773 2064 1828 2109 res
1843 2041 1898 2112 sit.
1928 2040 1967 2112 Si
1982 2035 2167 2113 Nicoiaos
2175 2038 2207 2133 ²)

1225 2137 1263 2203 in
1289 2138 1440 2225 patriam
1468 2139 1617 2222 redibit,
1654 2137 1860 2210 Hessiaeum
1890 2135 2070 2213 bominem
2103 2144 2209 2213 vobis

1226 2240 1452 2322 commendo,
1485 2241 1547 2330 qui
1569 2242 1690 2312 scribit
1712 2264 1873 2326 carmen,
1900 2244 1945 2314 de
1961 2268 2031 2337 quo
2046 2242 2208 2314 iudicare

1224 2350 1324 2427 potes
1341 2363 1381 2406 ex
1399 2341 1559 2430 pagellis,
1585 2365 1673 2435 quas
1686 2337 1742 2411 his
1757 2342 1869 2412 literis
1884 2343 2039 2416 adiunxi.
2087 2341 2210 2414 Hodie

1225 2440 1293 2507 iter
1311 2439 1509 2528 ingredior,
1534 2440 1610 2512 Deo
1627 2443 1834 2528 adiuvante,
1860 2445 1975 2515 iturus
1991 2443 2147 2538 Lipsiam
2162 2448 2209 2515 ad

1226 2553 1436 2625 mercatum,
1474 2555 1516 2612 ut
1537 2567 1578 2612 eo
1602 2547 1765 2623 accedere
1783 2547 1880 2615 soleo
1904 2546 2075 2640 colloquii
2095 2569 2208 2619 causa.

1225 2637 1272 2710 Et
1293 2665 1389 2711 nuuc
1408 2637 1551 2735 Anglas
1572 2639 1728 2737 hospites
1748 2648 1869 2719 doctos
1885 2660 1919 2718 et
1931 2641 2100 2718 honestos
2112 2648 2210 2718 viros

1225 2765 1266 2810 eo
1284 2744 1386 2812 duco.
1439 2742 1536 2814 Bene
1549 2747 1638 2821 vale.
1690 2746 1756 2819 Die
1777 2749 1835 2822 17.
1847 2745 1995 2841 Aprilis.

1958 2879 2156 2975 Philippus.

2060 3119 2208 3134 m

1238 3271 1304 3344 No.
1321 3266 1433 3344 5585.

1226 3366 1436 3400 Μ

2046 3293 2103 3354 18.
2116 3285 2196 3369 Apr.

2024 3374 2200 3407 Μ

1565 3470 1611 3555 V
1604 3477 1665 3559 al.
1696 3472 1866 3561 Curtio.

1292 3653 1314 3719 τ
1330 3649 1369 3703 Er
1381 3665 1477 3721 apogr.
1491 3646 1520 3701 io
1534 3647 1595 3705 cod.
1609 3646 1694 3704 Paris.
1711 3647 1748 3704 D.
1761 3648 1792 3705 1.
1804 3649 1865 3706 w.

1223 3812 1434 3889 Reverendo
1461 3816 1539 3888 aira
1560 3812 1760 3888 eruditione
1780 3827 1813 3889 et
1837 3818 1967 3889 virtute
1987 3820 2210 3917 praestanti,

1223 3915 1278 3994 D.
1311 3914 1579 3989 Valentino
1604 3910 1792 4005 Curtia,
1817 3916 2003 4018 Episcopo
2020 3918 2210 3992 Ecclesiae

1223 4016 1302 4090 Dei
1321 4018 1359 4090 in
1377 4017 1516 4115 inclyta
1530 4017 1619 4091 arbe
1633 4015 1802 4108 Labeca,
1836 4015 2010 4117 στεφάνῳ
2026 4019 2212 4094 Saxonici

1457 4118 1613 4206 littaris,
1629 4120 1834 4221 fratrissa
1850 4120 1979 4193 cariss.

1225 4270 1273 4359 S.
1322 4272 1532 4357 Reverende
1564 4286 1621 4354 vir
1654 4300 1689 4357 et
1722 4285 1898 4356 carissime
1928 4288 2050 4361 frater.
2101 4284 2209 4379 Apud

1224 4385 1410 4456 Platonem
1431 4386 1622 4476 disputatio
1648 4403 1696 4458 est
1720 4388 1765 4459 cle
1786 4388 1882 4458 dicto
1897 4386 2109 4458 Simonidis:
2136 4413 2212 4480 χα-

1224 4484 1335 4560 λεπὸν
1360 4482 1536 4586 γίνεσθαι
1556 4481 1792 4586 τετράγωνον
1812 4484 1876 4560 καὶ
1898 4481 2012 4580 μόνος
2027 4482 2115 4566 θεὸς
2135 4486 2213 4581 ἔχει

1225 4593 1337 4660 τοῦτο
1350 4587 1482 4686 pipam
1504 4581 1660 4686 difficile
1673 4582 1823 4682 estfieri
1834 4584 2041 4689 perfectam,
2058 4594 2090 4656 et
2106 4586 2212 4660 solas

1226 4684 1333 4758 Deus
1354 4676 1422 4759 baa
1439 4683 1544 4759 decas
1559 4682 1681 4766 babet.
1730 4686 1893 4761 Profecto
1909 4691 1947 4760 in
1961 4688 2086 4761 omnib
2144 4685 2211 4760 ho-

1226 4791 1384 4861 minibus
1411 4790 1558 4861 naturae
1591 4790 1777 4862 infirmitas
1811 4815 1937 4882 magns
1966 4804 2037 4876 est,
2074 4714 2212 4861 fenei

1228 4891 1318 4960 alius
1339 4891 1379 4961 in
1400 4892 1470 4962 alio
1490 4915 1618 4981 genere
1639 4891 1822 4987 aliquanto
1844 4892 1926 4984 plus
1938 4884 2047 4963 babet
2058 4889 2215 4964 roboris.

1227 4988 1374 5061 Necesse
1398 5004 1449 5061 est
1469 5006 1584 5064 antem
1609 5016 1899 5086 unumquemque
1922 5015 1987 5064 sue
2004 5003 2097 5063 sorte
2123 5015 2216 5062 con-

1228 5104 1365 5164 tentum
1388 5118 1473 5168 esse.
1524 5092 1639 5166 Filius
1659 5117 1755 5165 nnuc
1768 5091 1837 5165 Dei
1859 5093 2138 5166 beneficio'tecte
2151 5111 2217 5163 va·

1265 5369 1291 5436 l)
1310 5365 1527 5437 Neambucgun.
1806 5435 1809 5439 Ι
1907 5416 1910 5423 .

1263 5455 1291 5521 2)
1310 5450 1437 5508 Nicolcuc
1452 5448 1531 5505 ectu
1551 5467 1573 5506 s.
1590 5451 1749 5509 estam.
