4734 6016
174 285 268 359 849
769 282 1203 363 urtsroutttuu
1251 281 1360 360 ΗΒ.
1384 280 1468 361 xtt.
1521 281 1652 364 tues.
2153 301 2230 380 850

171 458 351 529 utendum
374 482 466 544 esse,
497 461 557 529 sed
583 458 700 552 precia
724 454 843 529 renim
869 470 1062 548 augentur,
1093 464 1166 528 uon
1221 455 1324 529 lisse.
1358 450 1537 527 'Maxime
1556 456 1675 540 volui,
1715 473 1754 532 ut
1776 473 1869 534 recte
1893 467 2061 558 explicata
2094 484 2224 542 extaret

167 561 286 629 solnm
315 563 582 632 difficultatibus
610 576 830 654 temporum,
870 574 903 630 et
931 560 1167 653 imperiorum
1222 557 1375 636 veritas,
1406 557 1540 627 deiude
1558 573 1598 631 nt
1623 585 1731 653 quam
1754 564 1926 655 plurimae
1940 566 2117 642 Ecclesiae
2137 599 2224 644 cou-

167 663 361 746 oneribus',
385 666 445 731 sed
464 664 567 732 etiam
586 668 803 755 privatorum
822 660 1006 733 huminum
1025 661 1167 730 iniusti·
1221 661 1350 729 cordes
1365 672 1499 742 esseut,
1533 673 1567 730 et
1590 674 1741 755 utraque
1763 664 1801 733 iu
1826 690 1864 735 re
1885 671 2098 742 mediocrem
2115 675 2222 744 luisse

167 762 229 836 tia.
287 759 378 833 Cum
411 765 519 850 igitur
549 778 751 836 reverenter
780 779 899 856 petant
924 764 1031 834 vestri
1061 757 1165 832 scho-
1220 784 1337 830 meam
1365 759 1588 848 diligentiam
1612 765 1696 843 scie,
1725 789 1816 857 quae
1839 764 1974 839 simihi
1995 774 2155 854 nocebit,
2182 791 2220 845 ut

167 864 303 944 lastici,
341 879 380 935 ut
398 867 535 958 aliquid
563 869 607 936 ad
631 869 807 958 stipendia
831 869 999 948 addatur,
1037 886 1165 959 quaeso
1221 861 1562 931 indissensiouibus
1578 862 1744 934 civilibus
1760 866 1834 939 fieri
1850 871 1959 956 solet,
1983 870 2219 948 Deoiuvaute

136 976 205 1034 'ut
231 989 311 1049 eos,
346 979 379 1034 et
403 969 654 1057 suffragatione
677 983 736 1039 tua
758 983 792 1039 et
815 968 1002 1040 autoritate
1028 979 1060 1035 et
1083 988 1162 1035 vem
1219 985 1333 1056 aequo
1348 962 1472 1030 animo
1486 963 1598 1033 leram
1614 988 1653 1035 ea
1668 990 1760 1058 quae
1775 968 1946 1043 accident.
2046 1010 2049 1015 ·

164 1068 396 1137 beneficentia
429 1083 509 1138 tuae
538 1080 685 1139 naturae
711 1070 867 1142 adiuves.
937 1066 1045 1140 Utilia
1071 1080 1164 1135 certe
1321 1060 1474 1135 Dolores
1514 1079 1595 1135 tuos
1627 1089 1668 1137 ex
1701 1064 1838 1140 Graeca
1864 1073 2018 1165 epistola
2050 1075 2219 1164 intellexi,

165 1170 355 1252 docemus,
388 1183 423 1239 et
445 1192 568 1240 sumus
589 1165 804 1254 hortatores,
846 1184 884 1240 ut
907 1170 1020 1240 nostri
1044 1184 1162 1238 ament
1217 1188 1309 1256 quae
1325 1159 1413 1233 mihi
1431 1188 1505 1235 nou
1523 1182 1575 1239 est
1590 1167 1751 1257 ingrata,
1782 1194 1824 1241 ae
1840 1174 1884 1243 de
1905 1178 2137 1268 responsione
2151 1206 2216 1274 op-

164 1270 345 1361 publicam
366 1273 678 1365 tranquillitatem,
704 1287 744 1343 et
769 1272 930 1363 pietatem
955 1294 1030 1340 esse
1051 1269 1162 1339 sciant
1216 1269 1381 1356 ponenda
1404 1271 1475 1338 roi
1498 1263 1662 1359 filaxion
1687 1270 1849 1363 scriptis,
1880 1299 1998 1346 eoram
2022 1293 2138 1350 tecum
2161 1283 2216 1352 lo-

165 1395 241 1440 nou
266 1371 410 1442 inutiles
439 1373 532 1442 rixas
551 1398 710 1458 movere,
752 1376 813 1441 secl
847 1373 940 1443 veris
973 1371 1162 1462 gemitibus
1216 1391 1318 1459 quar.
1375 1365 1484 1437 Mitto
1504 1365 1679 1439 Hencelii
1697 1372 1894 1461 epistolam,
1952 1376 2069 1449 Tuam
2090 1378 2215 1454 Enete.

162 1469 280 1542 Deum
298 1473 480 1558 invocare,
517 1488 551 1545 et
570 1476 795 1564 praestareei
818 1469 970 1572 λογικὴν
988 1467 1162 1567 λατρείαν
1215 1469 1303 1538 siam
1326 1471 1554 1538 domesticam
1583 1483 1624 1541 ut
1647 1471 1742 1541 lilius
1764 1470 1833 1543 Dei
1854 1493 1984 1563 servet,
2017 1494 2052 1551 et
2075 1482 2214 1554 incolu-

165 1587 201 1644 et
216 1574 350 1659 cultus,
374 1597 463 1666 quos
477 1568 633 1670 decet*).
685 1574 782 1645 Haec
801 1601 874 1645 non
893 1577 1021 1646 frustra
1037 1572 1161 1643 audire
1213 1593 1306 1637 mem
1322 1573 1368 1639 ad
1385 1582 1420 1639 te
1435 1572 1603 1653 reducat,
1637 1583 1711 1640 toto
1735 1596 1816 1641 eum
1831 1589 1972 1665 merore
1988 1604 2065 1655 οπο,
2115 1582 2214 1656 Bene

164 1676 353 1769 plerosque
367 1699 480 1766 spero.
532 1674 695 1749 Modeste
719 1678 814 1747 euim
832 1678 977 1760 vivunt,
1009 1687 1043 1746 et
1057 1696 1160 1765 spero
1213 1682 1249 1740 et
1268 1668 1419 1741 feliciter
1438 1670 1529 1746 vale.
1579 1666 1687 1745 Xlll.
1703 1667 1780 1747 Cal.
1795 1668 1946 1753 Octobr.
2071 1716 2075 1723 ·

164 1776 261 1845 domi
294 1778 505 1847 concordiae
536 1772 698 1868 publicae
731 1779 906 1849 studiosos
936 1777 1022 1846 fore.
1080 1771 1158 1844 Oro
1435 1868 1439 1876 ι
1961 1775 2162 1877 Philippu„

164 1892 281 1948 antem
307 1876 449 1948 'Filium
476 1875 543 1949 Dei
577 1891 617 1950 ut
649 1903 716 1949 nos
748 1903 871 1949 omnes
896 1880 1088 1969 gubernet,
1124 1888 1159 1945 et

163 1993 310 2070 propter
332 2004 431 2049 suam
463 1981 611 2069 gloriam
638 1995 752 2052 servet
778 1977 956 2051 Ecclesiae
980 1976 1160 2071 reliquias,
1223 1979 2203 2016 —----——-·—------.-.........

165 2096 200 2151 et
222 2103 288 2150 nos
312 2082 405 2152 inter
432 2081 521 2151 illas.
580 2079 678 2151 Bene
706 2100 739 2153 et
760 2083 909 2153 feliciter
937 2081 1025 2151 vale.
1091 2074 1159 2146 Die
1212 2104 1406 2180 worm·
2035 2126 2185 2213 2¹·Sept

166 2180 419 2272 1708eptemh.
442 2207 513 2274 quo
535 2181 627 2252 Ar'ca
651 2176 787 2253 Nolana
810 2182 961 2271 primum
981 2177 1160 2270 quiescere
1220 2199 1389 2233 «νῦν
2020 2181 2196 2253 xuv'

166 2282 283 2371 eoepit
305 2295 387 2349 aute
414 2305 527 2350 annos
550 2283 660 2381 3862.
729 2282 875 2354 Utinun
900 2304 995 2348 trtius
1018 2300 1159 2372 quoque
1498 2291 1551 2380 (ἦ,
1579 2292 1909 2389 qu-Momm,

167 2380 261 2452 Arca
276 2377 408 2451 Christi
426 2382 590 2474 quiescat.
1310 2445 1412 2502 mmm
1430 2445 1530 2520 ‘⁸⁰⁸8-
1545 2449 1696 2522 ΜΝ.

171 2588 1150 2619 -··----·---·---·-·····“····''''‘
1210 2595 1425 2674 Reverendo
1445 2603 1541 2684 viro.
1568 2601 1773 2704 Georgia
1797 2607 2207 2724 [Burddoltzero],

166 2757 222 2828 No
250 2755 354 2831 5075
900 2816 903 2821 Ι
1005 2768 1060 2830 ¹9·
1074 2759 1158 2845 Sept.
1209 2705 1359 2803 pastori
1372 2702 1563 2779 Ecclesiae
1575 2704 1656 2780 Dei
1664 2706 1705 2829 in
1723 2710 1810 2830 urbe
1824 2716 1979 2803 Arctum
2003 2722 2208 2820 fratr-isa„

172 2804 369 2882 ’ἕν-ν’
1017 2853 1155 2881 »ων
1593 2804 1827 2887 charissrmo.

425 2957 577 3043 1041010,
607 2955 887 3044 camerario,
1212 2934 1261 3023 S.
1286 2949 1331 3027 D.
1382 2952 1678 3047 Revereude'vir,
1703 2977 1740 3034 et
1755 2958 1961 3040 charissime
1977 2973 2095 3051 frater.
2131 2979 2206 3055 Do.

1213 3054 1268 3124 leo
1291 3069 1424 3126 tautam
1452 3060 1586 3130 rabiem
1611 3086 1684 3133 esse
1704 3065 1948 3143 calumniandi
1958 3069 2002 3166 ¹),
2034 3091 2074 3149 ut
2099 3085 2205 3155 eriam

967 3155 1009 3209 Ψ·
1022 3138 1105 3210 ⁸⁵⁰·l·
1213 3156 1311 3225 virus
1329 3175 1495 3231 evomant
1517 3159 1753 3256 sycophantae
1778 3183 1900 3242 contra
1916 3168 2206 3263 Grammaticam.

1212 3253 1307 3328 Dum
1323 3282 1388 3328 nos
1403 3263 1657 3334 vocabulorum
1673 3270 1902 3360 etymologias
1919 3280 2140 3370 quaerimus,
2166 3305 2206 3361 ut
2245 3312 2248 3319 ·

1213 3382 1269 3427 me
1300 3361 1442 3451 quidem
1473 3367 1739 3452 grammaticum
1762 3371 1877 3456 decet,
1914 3391 1947 3445 et
1970 3382 2203 3461 consideratio

1213 3459 1352 3551 antiqui
1366 3463 1517 3532 restitus
1532 3488 1598 3535 uos
1616 3470 1660 3535 de
1677 3482 1834 3538 veterum
1851 3476 2023 3549 modestia
2036 3486 2203 3564 admonet

169 3551 218 3639 S.
244 3564 290 3638 D.
339 3561 416 3633 Etsi
433 3584 608 3654 nusquam
625 3584 704 3629 sum
728 3558 897 3628 libentius
912 3583 1017 3651 quam
1036 3574 1162 3647 tecum,
1213 3556 1272 3654 (ut
1293 3555 1487 3632 Aeschines
1511 3564 1633 3637 laudat
1652 3568 1860 3657 gravitatem
1894 3575 2055 3665 Solonis,
2096 3615 2201 3684 quem

170 3691 250 3735 cum
266 3690 285 3734 a
300 3665 388 3732 meis
405 3663 487 3731 liliis
502 3673 537 3730 et
547 3661 685 3730 filiabus
699 3661 834 3744 absum,
861 3662 951 3729 etad
967 3662 1161 3731 voslibcn·
1214 3661 1264 3730 ait
1288 3683 1353 3729 nec
1379 3687 1525 3733 manum
1551 3666 1590 3735 in
1614 3669 1767 3742 dicendo
1793 3679 1980 3762 protulisse
2006 3698 2101 3758 extra
2124 3696 2201 3783 pal.

169 3782 224 3837 ter
256 3767 474 3846 accederem,
512 3775 628 3831 tamen
660 3761 741 3854 quia
772 3761 855 3831 aula
886 3785 960 3831 uon
995 3763 1162 3851 postulat,
1214 3758 1343 3854 liumz)
1376 3765 1507 3834 interea
1530 3769 1674 3862 quidam
1698 3767 1912 3868 εὐτράπελοι
1931 3780 2112 3877 dixerunt,
2146 3820 2202 3865 rue

169 3892 296 3938 maneo
320 3864 378 3935 hie
402 3866 439 3933 in
462 3878 584 3934 nostro
607 3859 814 3952 Ergastulo,
849 3865 1053 3953 praesertim
1081 3888 1160 3932 cum
1214 3863 1303 3932 velle
1325 3887 1497 3936 renovare
1525 3871 1768 3943 adorationem
1796 3877 1990 3953 lacerarum
2010 3890 2200 3981 caligarum

172 3983 206 4039 et
231 3971 361 4059 pastori
381 3978 504 4037 nostro
528 3944 709 4034 inchoatas
738 3987 863 4056 operas
892 3965 1075 4035 absolvere
1105 3988 1162 4035 me
1215 3960 1367 4054 losephi.
1416 3966 1485 4037 Sed
1506 3973 1641 4042 etiamsi
1655 3975 1838 4063 derideor,
1872 3997 1988 4055 tamen
2006 3991 2071 4058 tilii
2085 4018 2201 4083 gram.

170 4084 252 4141 aute
276 4084 468 4139 mercatum
492 4066 673 4158 Lipsicum
698 4078 877 4156 oporteat,
910 4080 945 4137 et
972 4091 1067 4139 nunc
1085 4064 1162 4137 Au·
1214 4066 1359 4136 maticas
1396 4068 1704 4162 interpretationes
1734 4078 1778 4147 de
1808 4082 1932 4154 calceis
1964 4102 1997 4157 et
2035 4099 2203 4172 sandaliis

171 4172 327 4262 gustanis
342 4187 374 4240 et
391 4169 556 4254 Polouis,
584 4170 628 4237 de
642 4170 747 4237 rebus
763 4167 927 4237 maximis
944 4172 1162 4259 responden·
1213 4168 1315 4238 mitto
1339 4184 1403 4238 etr.

171 4277 257 4342 dum
276 4273 332 4344 sit.
384 4269 578 4340 Excusabis
596 4269 703 4359 igitur
719 4292 774 4337 me
791 4267 955 4354 Rectori,
977 4273 1162 4362 quoduou
1315 4267 1535 4343 Commendo
1557 4270 1674 4348 autem
1701 4282 1768 4353 tibi
1791 4279 2107 4366 huuc'auditorem
2137 4326 2203 4369 un-

170 4375 287 4444 venio.
337 4371 567 4461 Languefacit
578 4371 682 4439 etiam
696 4395 752 4438 mc
767 4370 963 4460 cupientem
981 4371 1162 4440 vobiscum
1213 4374 1324 4440 'strum
1341 4365 1648 4448 Bartholomenm
1666 4375 1884 4479 Georgium,
1917 4404 2040 4464 natum
2056 4398 2094 4467 in
2110 4400 2202 4472 sali.

170 4477 364 4569 proficisci,
399 4486 512 4542 metus
544 4473 824 4561 disputationum
855 4467 937 4563 napi
965 4467 1165 4568 διαλλαγῆς
1216 4472 1287 4552 nis,
1312 4469 1530 4562 orphanum:
1556 4482 1617 4572 qui
1635 4487 1853 4560 rerninstarn
1866 4505 1961 4585 petel
1976 4497 2022 4566 ab
2037 4499 2203 4573 illustris-

172 4602 251 4646 cum
267 4572 475 4670 Polyphemi
491 4566 654 4666 filiis**),
681 4574 743 4666 qui
759 4595 814 4640 eas
826 4569 915 4639 mihi
931 4574 1024 4662 leges
1036 4575 1165 4658 lerunt,
1215 4573 1307 4641 simo
1327 4587 1361 4644 et
1376 4580 1668 4654 reverendissimo
1691 4589 1851 4684 principe
1871 4590 2133 4689 Sigismnndo,
2165 4622 2204 4677 ut

172 4702 259 4772 quas
275 4677 351 4747 Deo
367 4679 530 4757 iuvante,
566 4697 640 4742 non
655 4690 859 4763 accepturus
873 4697 1002 4758 essem,
1027 4675 1163 4745 etiamsi
1216 4676 1362 4743 mandet
1385 4701 1404 4744 a
1430 4679 1506 4748 eive
1528 4687 1684 4774 quodam
1707 4690 1744 4758 in
1768 4691 1901 4764 Salinis
1923 4699 2079 4771 debitam
2097 4726 2204 4795 pecn-

174 4782 216 4849 in
236 4779 415 4851 Latomias
439 4778 590 4846 eundem
616 4788 716 4846 esset.
778 4771 859 4843 Non
889 4798 1011 4845 recuso
1034 4801 1076 4846 ex
1098 4771 1164 4847 hac
1216 4777 1312 4843 uiam
1337 4772 1563 4851 haeredibaur
1584 4786 1673 4861 (luri.
1731 4789 1899 4868 Mandata
1920 4794 2097 4893 Principis
2119 4808 2203 4879 illu-

175 4883 318 4971 regione
339 4881 536 4963 discedere,
567 4877 851 4969 quandocunque
873 4873 967 4944 Deus
990 4880 1100 4963 volet,
1127 4878 1164 4945 in
1216 4878 1379 4946 strissimi
1402 4883 1504 4971 petit,
1538 4908 1628 4977 qnae
1649 4901 1689 4958 ut
1711 4892 1891 4985 impetret,
1924 4925 2053 4994 quaeso
2068 4921 2107 4978 ut
2123 4934 2202 4979 eum

177 5009 245 5076 qua
260 4984 328 5053 scis
344 5006 399 5050 me
424 4977 695 5048 consociationis
713 4970 952 5046 Ecclesiarum
969 4981 1164 5071 studiosum
1218 4978 1373 5048 adiuves.
1448 4977 1645 5074 Orphauns
1676 4985 1858 5083 honestos,
1899 5015 1934 5071 et
1973 4998 2203 5078 honestorum

176 5086 300 5171 fuisse,
333 5099 366 5153 et
389 5081 500 5151 multa
524 5101 598 5148 uon
621 5078 766 5147 ferenda
788 5071 1091 5166 hominitetrico,·¹
1110 5096 1165 5151 tu.
1218 5078 1342 5247 {nob}
1357 5081 1742 5257 ἢάιίυνοπε1,6ρῐέίεόἐιί
1756 5094 1834 5170 Deo
1847 5116 1955 5191 grata.
2006 5104 2103 5177 Beue
2119 5113 2206 5185 vals.

1254 5183 1491 5264 tetatttaei,
1568 5190 1629 5262 5.

1241 5352 1439 5365 m

235 3139 322 3212 epu.
336 3137 370 3192 aa
383 3096 522 3193 onera.
541 3154 568 3208 ρ.
583 3135 644 3191 roa.
663 3137 720 3202 (et.
736 3135 825 3193 tona.
844 3134 891 3191 tn.
903 3134 949 3192 tv.

166 3306 393 3386 Clarissimo
416 3309 494 3381 niro
517 3305 718 3381 eruditione
743 3317 775 3378 et
805 3306 935 3377 virtute
952 3309 1164 3405 praestanti

203 3409 449 3485 lonchimo
475 3406 750 3484 Camerario
766 3407 894 3506 fratri
910 3433 978 3481 suo
999 3411 1128 3487 coriss.

174 5273 223 5286 ..ιο-
236 5275 399 5287 nun-nn.-

212 5374 245 5437 *)
263 5371 347 5426 Peuc.
365 5378 462 5442 docet,
491 5373 631 5426 mendose.

211 5458 260 5529 ”)
278 5456 384 5512 tuctu·
400 5470 426 5511 et
443 5458 520 5512 socii.
922 5498 926 5505 .
1031 5484 1040 5495 -
1069 5486 1072 5491 ·
1126 5496 1130 5501 -
1257 5459 1285 5523 t)
1304 5455 1486 5514 Busbboltser
1507 5458 1663 5536 adautpstu
1690 5467 1823 5530 Isiebtue.

185 5537 363 5601 lllnrrru.
391 5536 495 5600 Ocra.
523 5537 606 5602 Vos.
637 5534 725 5600 Vlll.
1541 5532 1592 5610 54
