4776 6024
170 314 247 388 863
747 295 1180 376 EPISTULARUM
1228 299 1441 382 maxtt
1493 297 1623 381 1666.
1728 414 1734 420 ¹
2130 299 2210 374 864

68 474 73 483 ’
176 483 270 577 quod
293 477 416 564 docui,
440 471 625 547 anathema
648 476 704 545 sit.
757 471 863 546 lubet
886 486 1049 545 aeternus
1063 484 1165 566 pater
1214 470 1382 546 Ecclesia
1396 477 1540 569 proprie
1565 476 1706 560 doceat,
1731 476 1818 569 quid
1833 476 1877 545 ab
1894 475 2044 544 aliarum
2061 471 2210 565 opinio·

177 583 295 655 audiri
322 581 454 664 filium,
491 578 554 671 qui
584 602 625 647 ex
645 602 773 647 arcano
794 577 876 646 sinu
899 575 1034 647 aeterni
1054 573 1166 668 patris
1217 577 1505 663 nibusdifferat‚
1530 577 1857 671 quaesintsumma
1876 577 1991 669 capita
2012 576 2212 660 doctrinae,

177 683 326 777 protulit
340 678 588 769 Evangelium.
639 677 756 750 Huius
780 678 973 770 discipulos
996 697 1167 747 comesse
1217 679 1484 755 constituendae
1499 679 1725 751 definitiones
1745 693 1777 748 et
1792 678 1996 751 divisiones.
2048 677 2098 748 Et
2115 678 2214 748 iudi-

180 808 246 856 nos
266 796 446 874 oporteat,
471 805 695 874 nequaquam
717 782 859 871 gignere
885 779 988 847 nobis
1011 778 1077 846 alia
1102 777 1168 846 do·
1219 783 1330 852 canda
1353 793 1404 850 est
1424 782 1680 871 coagmentatio
1704 794 2013 871 argumentomm,
2046 780 2212 850 conside·

182 887 316 957 ctrinae
343 908 470 972 genera
500 883 593 954 licet
656 879 705 953 Et
729 879 825 951 hunc
850 884 1032 951 doctorem
1055 879 1168 948 filium
1222 885 1392 964 randum,
1430 885 1516 975 quid
1546 880 1726 963 sit'Deus,
1757 882 1844 974 quid
1872 876 1945 961 lex.
1977 881 2065 975 quid
2086 906 2215 974 pecca-

164 987 267 1071 Det,
293 977 405 1084 λόγον
425 984 559 1054 aeterni
584 984 712 1075 patris,
738 998 931 1055 statuamus
953 995 987 1050 et
1009 979 1171 1050 velleiu-
1221 999 1318 1065 tum,
1358 984 1446 1080 quid
1475 981 1732 1074 Evangelium,
1764 984 1850 1076 quid
1883 983 2013 1072 gratia,
2048 984 2139 1076 qnid
2169 985 2214 1055 sit

183 1089 297 1176 telligi
323 1099 474 1156 streete
501 1085 600 1178 loqui
625 1108 747 1177 posse,
788 1099 828 1155 ut
855 1084 1080 1154 manifestum
1109 1092 1172 1160 0⁸²,
1225 1086 1461 1180 poenitentia,
1494 1087 1580 1180 quid
1611 1087 1655 1157 sit
1680 1086 1783 1169 fides,
1814 1085 1900 1178 quid
1933 1085 2071 1154 iusticia
2094 1107 2213 1156 coram

184 1189 469 1282 propriissimum
483 1199 518 1256 et
531 1186 764 1257 rectissimum
779 1209 977 1257 sermonem
990 1207 1062 1254 esse
1078 1183 1117 1252 in
1129 1181 1174 1249 iis
1226 1191 1320 1272 Deo,
1362 1188 1448 1283 qnid
1478 1183 1658 1257 inchoatio
1690 1201 1861 1256 aeternae
1884 1188 1973 1255 lucis
2011 1186 2049 1257 iu
2084 1203 2216 1272 mente,

186 1289 374 1371 irremissis,
406 1313 496 1380 quae
513 1287 646 1378 legem,
673 1312 763 1380 quae
782 1286 1053 1380 promissiones,
1085 1305 1175 1378 quae
1226 1291 1313 1386 quid
1339 1289 1528 1380 promissio
1556 1291 1732 1360 bonorum
1760 1302 2000 1371 aeternorum,
2027 1289 2112 1382 quid
2133 1316 2216 1382 pro-

188 1393 356 1461 articttlos
387 1389 549 1482 Symboli
584 1389 742 1460 recitant.
810 1389 985 1458 immensa
1019 1387 1176 1456 bonitale
1227 1392 1348 1462 missio
1395 1393 1572 1461 bonorum
1619 1390 1875 1481 corporalium,
1919 1391 2006 1482 quid
2048 1387 2219 1478 Ecclesia,

188 1491 287 1562 Deus
300 1514 335 1559 se
354 1490 531 1580 patefecit,
555 1503 595 1558 ut
610 1504 701 1559 recte
716 1491 859 1580 agnosci
873 1505 907 1560 et
922 1488 1080 1559 invocari
1097 1508 1177 1579 pos-
1228 1493 1315 1588 quid
1364 1493 1436 1562 vita
1482 1492 1644 1583 politica,
1699 1515 1790 1584 quae
1828 1491 1900 1560 sint
1940 1493 2054 1567 officia
2095 1518 2219 1563 neces-

191 1596 249 1662 sit.
299 1590 370 1660 Pro
389 1584 457 1657 hoc
476 1589 607 1678 ingenti
626 1591 794 1659 beneficio
813 1614 949 1659 summa
965 1604 1017 1659 est
1032 1585 1178 1677 ingrati·
1229 1595 1320 1666 saria
1345 1595 1437 1664 vitae
1462 1586 1646 1685 politicae,
1685 1594 1729 1662 dc
1754 1592 1884 1685 quibus
1908 1593 2103 1685 loquuntur
2127 1592 2221 1668 Pro.

192 1696 280 1783 tudo
298 1691 440 1760 eludere
454 1690 704 1779 patefactiones
719 1692 877 1772 divinas,
905 1705 940 1761 et
953 1715 1016 1782 pro
1037 1702 1177 1759 senten-
1231 1692 1356 1788 phetae
1384 1708 1418 1764 et
1443 1690 1619 1788 Apostoli.
1686 1690 1851 1786 Denique
1882 1696 1970 1763 ordo
1989 1697 2025 1764 in
2051 1699 2220 1789 docendo

193 1797 252 1865 tiis
266 1790 401 1862 divinis
415 1789 538 1860 furtim
555 1791 784 1880 cogitationes
800 1793 903 1861 falsas
920 1792 1103 1861 subiicere.

296 1922 344 1994 At
366 1923 553 2009 inquiunt,
576 1923 850 2009 fatendumst,
872 1926 991 2016 aliqua
1007 1925 1100 1993 dicta
1117 1923 1183 1991 ob-

195 2027 350 2098 scuriora
364 2048 449 2108 esse,
474 2026 646 2116 quaedam
661 2026 765 2096 etiam
781 2026 873 2095 inter
886 2050 922 2094 se
937 2023 1183 2116 discrepantia,

195 2143 237 2199 ut
261 2127 393 2196 neltulo
421 2121 665 2194 Sebastianus
691 2120 867 2197 Francus
893 2150 1059 2218 magnum
1088 2150 1184 2194 acer-

196 2256 280 2300 vum
300 2222 547 2321 sycophantice
563 2228 755 2299 cumulavit
771 2230 958 2310 dictorum,
985 2251 1074 2322 quae
1092 2228 1185 2296 inter

198 2357 235 2400 se
266 2351 423 2421 pugnare
454 2327 631 2399 videntur.
698 2324 767 2399 Hic
799 2330 954 2421 primum
987 2329 1185 2420 respondeo

199 2433 295 2526 quod
312 2446 365 2499 est
380 2429 419 2499 in
432 2430 542 2500 veteri
556 2452 675 2501 versu:

280 2557 370 2625 otta
392 2557 637 2647 κακουργότερον
658 2562 810 2646 διαβολῆς
830 2561 901 2629 ἔστί
913 2584 973 2629 nto.

200 2681 301 2757 Nihil
322 2696 393 2753 tam
415 2682 577 2775 proprie,
609 2677 703 2754 nihil
726 2698 798 2755 tam
822 2687 973 2771 diserte,
998 2678 1090 2754 nihil
1114 2695 1187 2753 tam

202 2789 451 2876 circumspecte
476 2784 549 2854 dici
570 2797 703 2876 potest,
742 2788 837 2880 quod
867 2812 945 2856 non.
963 2785 1188 2856 cavillatione

201 2889 320 2982 aliqua
344 2885 529 2978 depravari
552 2886 671 2977 possit.
728 2885 868 2957 Deinde
892 2883 960 2958 hoc
981 2889 1190 2978 respondeo,

204 2990 300 3082 qnod
318 2986 457 3075 scripsit
475 2979 732 3081 Epiphanius:
762 2986 806 3058 οὐ
822 2982 944 3061 πάντα
960 2988 1056 3060 θεοῦ
1072 2981 1189 3083 ῥήμα-

204 3114 253 3160 τα
274 3081 495 3182 ἀλληγορίας
514 3081 647 3170 δεῖται,
675 3084 747 3157 ἀλλ’
774 3085 919 3180 ὠςέχει.
971 3085 1135 3183 θεωρίας
1149 3082 1190 3160 δὲ

205 3181 398 3263 δεῖταικαὶ
414 3178 600 3280 ἐκθήσεως
613 3182 718 3268 sicud
733 3183 868 3261 εἰδέναι
883 3182 1036 3283 ἑκάστης
1049 3185 1191 3262 ὑποθέ-

207 3312 297 3372 σεως
317 3282 387 3381 τὴν
408 3281 585 3379 δύναμιν.
645 3288 727 3359 Non
748 3291 890 3374 omnia,
919 3293 1055 3385 inquit,
1082 3290 1189 3361 verba

205 3391 274 3464 Dei
296 3389 578 3462 transformanda
599 3405 682 3460 sunt
704 3391 741 3459 in
763 3391 967 3482 allegorias,
993 3396 1053 3464 sed
1071 3407 1110 3463 ut
1128 3416 1193 3462 na-

207 3494 279 3565 tiva
300 3490 508 3579 significatio
533 3492 707 3577 sermonis
726 3494 890 3583 postulat.
944 3493 1193 3584 Speculatione

208 3608 325 3663 autem
348 3606 381 3660 et
401 3616 506 3661 sensu
528 3618 617 3683 opus
642 3610 711 3674 est,
738 3608 778 3663 ut
792 3588 1010 3683 intelligatur
1024 3598 1193 3687 cuiusque

209 3693 407 3784 argumenti
424 3696 656 3783 propositum.
689 3692 839 3765 Sensum
858 3697 1018 3767 nominat
1032 3697 1195 3767 videlicet

210 3795 474 3887 experientiam,
502 3820 591 3887 quae
605 3796 724 3864 lumen
738 3812 788 3865 est
801 3799 1067 3872 vocabulorum.
1104 3795 1195 3868 Sen—
1225 3808 1228 3813 ’

211 3920 270 3968 sus
292 3891 386 3964 eniin
412 3897 531 3974 docet,
561 3896 646 3990 quid
666 3897 862 3984 significent
876 3899 963 3977 vita,
990 3922 1103 3981 mors,
1127 3923 1195 3967 no-

211 4000 291 4068 ticia
317 3998 366 4066 rei
391 3996 580 4082 laedentis,
609 3997 738 4068 noticia
755 3999 839 4068 boni
855 4000 1023 4084 foventis,
1048 4001 1122 4078 lex,
1149 4000 1195 4068 ti-

211 4124 308 4180 mor,
343 4098 464 4180 dolor,
500 4112 696 4186 peccatum,
729 4100 966 4190 poenitentia,
1001 4100 1196 4169 consolatio

213 4223 354 4267 accensa
383 4200 594 4287 cogitatione
624 4202 667 4269 de
695 4201 935 4270 misericordia
960 4226 1020 4269 seu
1043 4203 1128 4281 fide,
1163 4216 1198 4272 et

213 4299 339 4371 fiducia
363 4302 478 4386 agnita
503 4325 539 4368 re
561 4304 664 4373 bona.
718 4300 881 4394 Denique
906 4317 946 4372 ut
968 4304 1007 4370 in
1030 4303 1198 4372 omnibus

212 4402 349 4472 artibus
371 4424 455 4468 usus
478 4402 590 4469 lucem
610 4405 741 4485 adfert,
768 4404 813 4472 ita
833 4405 993 4473 exercitia
1011 4405 1199 4495 poeniten-

213 4508 281 4573 tiae
304 4517 339 4572 et
356 4503 589 4570 invocationis
604 4505 781 4574 illustrant
797 4506 993 4574 doctrinam
1011 4503 1198 4590 Ecclesiae,

216 4606 285 4673 imo
311 4606 349 4673 in
373 4600 427 4673 his
451 4603 536 4695 ipsis
554 4605 726 4673 exercitiis
742 4607 835 4675 lucet
851 4607 944 4675 filius
960 4606 1024 4676 Dei
1041 4608 1078 4676 in
1094 4631 1198 4676 men·

215 4707 309 4774 tilius
333 4720 423 4777 recte
448 4706 708 4790 invocantium,
749 4707 836 4776 sicut
862 4709 993 4801 inquit:
1033 4732 1095 4797 ego
1120 4730 1198 4776 sum

217 4806 316 4885 ritis,
349 4832 409 4875 vos
431 4807 603 4897 palmites.
657 4804 768 4876 Addit
791 4822 908 4879 autem
923 4805 1148 4901 Epiphanius
1167 4822 1202 4878 et

215 4907 364 4975 alterum
389 4911 596 4982 membrum.
657 4907 721 4979 Ait
741 4935 829 4999 opus
854 4934 926 4979 esse
950 4911 1200 5000 speculatione.

215 5007 306 5079 Cum
331 5007 435 5074 verba
458 5025 491 5078 et
508 5006 652 5099 phrasin
676 5011 926 5101 intelligimus,
949 5013 1018 5082 iter
1033 5007 1061 5104 ³)
1081 5009 1202 5101 proxi-

215 5134 313 5178 mum
337 5120 424 5176 esta
443 5104 680 5182 Grammatica
699 5116 742 5181 ad
760 5113 979 5184 dialecticen.
1030 5111 1201 5202 Cogitau-

215 5214 384 5296 domest,
410 5234 500 5303 quae
517 5211 587 5282 sint
601 5215 844 5284 doctrinarum
863 5214 1087 5300 discrimina,
1114 5214 1200 5309 quid

212 5381 435 5398 -n-‘nu

245 5465 274 5532 3)
292 5463 324 5517 ln
337 5483 402 5536 opp.
417 5465 446 5521 1.
461 5479 538 5540 uter,
557 5489 589 5525 cx
604 5471 715 5527 mendo.

1232 1795 1447 1867 necessarius
1470 1808 1523 1867 est
1545 1810 1579 1867 et
1594 1795 1835 1866 membrorum
1854 1796 2031 1868 distinctio
2047 1811 2085 1868 ut
2101 1798 2140 1866 in
2157 1826 2222 1871 ar-

1232 1899 1338 1970 tibus.
1389 1894 1498 1967 Hunc
1519 1898 1682 1968 ordinem
1698 1911 1732 1967 et
1744 1897 1955 1968 mediocrem
1970 1901 2053 1970 artis
2065 1901 2221 1972 formam

1233 1998 1433 2071 nominavit
1445 1995 1672 2091 Epiphanius
1687 1999 1979 2091 speculationem,
2003 2026 2110 2095 quam
2125 2001 2225 2075 Pau.

1234 2102 1290 2170 lus
1306 2100 1467 2170 nominat
1483 2097 1719 2196 ὀρθοτομεῖν.
1747 2099 1849 2171 Hanc
1863 2116 1977 2172 autem
1996 2105 2224 2191 diligentiam

1235 2203 1496 2293 cognoscendae
1510 2197 1663 2295 phrasis,
1684 2216 1719 2272 et
1733 2203 1975 2293 distinguendi
1994 2229 2033 2274 ac
2050 2208 2227 2278 definien-

1236 2305 1273 2374 di
1290 2303 1447 2374 membra
1464 2316 1497 2373 et
1511 2317 1603 2374 recte
1618 2305 1828 2374 contexendi
1844 2321 2071 2394 argumenta,
2094 2309 2227 2381 scimus

1237 2408 1324 2476 adeo
1351 2406 1578 2476 necessariam
1602 2429 1675 2476 esse
1700 2406 1739 2474 in
1764 2407 1940 2476 discendis
1957 2410 2062 2479 etiam
2080 2412 2228 2481 caeteris

1239 2507 1391 2590 artibus,
1431 2521 1471 2578 ut
1497 2507 1558 2603 qui
1578 2531 1652 2577 eam
1677 2508 1841 2596 negligit,
1879 2510 2052 2580 uesanos
2079 2513 2229 2605 quidem

1239 2608 1388 2678 iudicari
1405 2609 1525 2699 possit.
1573 2609 1766 2681 Miscentur
1781 2623 1897 2679 autem
1913 2614 2031 2684 studio
2046 2613 2230 2686 invocatio

1238 2711 1323 2791 Dei,
1354 2710 1437 2803 quia
1460 2724 1494 2780 et
1517 2734 1641 2800 magna
1665 2711 1776 2801 caligo
1792 2726 1842 2781 est
1857 2706 2033 2784 humanae
2048 2718 2181 2787 mentis
2197 2730 2230 2786 et

1240 2813 1391 2882 insidiae
1413 2812 1546 2882 diaboli
1568 2813 1700 2882 multae
1724 2827 1826 2899 sunt,
1858 2829 1891 2885 et
1909 2816 2013 2884 facile
2034 2816 2232 2889 flectuntur

1241 2913 1353 2984 animi
1377 2913 1528 2984 aliorum
1548 2936 1611 2983 seu
1635 2914 1728 3003 veris
1751 2937 1813 2984 seu
1827 2916 1923 2984 falsis
1940 2918 2101 3002 iudiciis,
2129 2944 2232 3010 prae·

1240 3016 1360 3086 sertim
1378 3039 1466 3106 quos
1481 3016 1671 3085 auctoritas
1686 3032 1747 3087 aut
1763 3031 1915 3087 vetustas
1931 3023 2171 3091 commendat.

1344 3113 1440 3186 Haec
1463 3141 1504 3185 eo
1525 3141 1621 3186 nunc
1644 3118 1816 3208 prolixius
1839 3120 1965 3204 recito,
1998 3121 2084 3214 quia
2107 3147 2231 3192 recens

1242 3216 1374 3307 Pragae
1387 3241 1481 3289 tarsus
1496 3242 1537 3287 ex
1551 3213 1705 3291 Esavitis
1717 3221 1792 3290 dies
1807 3221 1942 3313 aliquot
1957 3226 2176 3323 consumpsit
2192 3224 2230 3293 in

1243 3315 1308 3388 hac
1323 3321 1555 3409 praefatione:
1589 3346 1668 3391 cum
1687 3346 1760 3390 non
1777 3323 1822 3392 sit
1839 3338 1929 3391 certa
1946 3328 2116 3395 sententia
2136 3324 2228 3394 Pro-

1244 3417 1465 3512 pheticorum
1487 3435 1521 3491 et
1544 3417 1831 3512 Apostolicorum
1860 3424 2054 3508 librorum,
2091 3449 2225 3495 sermo·

1244 3547 1325 3590 stem
1357 3546 1479 3592 eorum
1496 3523 1763 3594 inflectendum
1790 3548 1864 3593 esse
1889 3529 1934 3594 ad
1959 3525 2171 3598 Pontificum
2195 3542 2230 3598 et

1245 3618 1505 3693 Monachorum
1529 3625 1675 3709 dictata,
1700 3649 1806 3719 seque
1822 3641 1966 3717 tuentur
1983 3623 2091 3698 huius
2108 3629 2231 3721 capitis

1246 3724 1405 3815 exemplo
1421 3725 1459 3793 in
1476 3722 1672 3812 Matthaeo,
1699 3727 1820 3820 inquo
1838 3729 1985 3800 dicitur:
2010 3732 2039 3798 si
2056 3732 2137 3824 qtris
2154 3755 2231 3823 pere

1247 3826 1396 3895 eusserit
1414 3841 1449 3896 te
1466 3827 1503 3894 in
1523 3830 1679 3898 ‹lextram
1700 3831 1898 3911 maxillam,
1931 3828 2062 3920 praebe
2081 3834 2113 3902 ei
2131 3849 2168 3904 et
2182 3834 2231 3902 al·

1247 3943 1370 3998 teram.
1424 3925 1466 3997 ln
1490 3923 1556 3998 hoc
1581 3930 1676 3999 dicto
1694 3942 1728 3999 et
1741 3931 1917 4000 similibus
1935 3932 2127 4027 inquiunt,
2153 3960 2231 4003 cnm

1248 4028 1499 4099 absurditatem
1523 4053 1595 4099 esse
1623 4031 1793 4104 iudicaret
1818 4029 1997 4103 Iulianus
2027 4033 2231 4127 imperator,

1248 4127 1481 4218 Evangelium
1503 4132 1636 4204 derisit.
1686 4130 1895 4220 Quaerenda
1922 4150 1972 4205 est
1998 4137 2109 4224 igitur
2127 4139 2231 4227 inter<

1248 4230 1412 4322 pre-tatio.
1474 4229 1644 4302 Facilima
1665 4246 1699 4304 et
1721 4235 1820 4304 firma
1845 4239 2029 4326 responsio
2054 4256 2121 4308 est:
2152 4264 2231 4310 con·

1248 4332 1392 4401 serenda
1407 4344 1489 4402 sunt
1506 4333 1598 4404 dicta
1613 4335 1652 4403 in
1667 4336 1860 4426 scripturis,
1881 4351 1915 4407 et
1931 4338 2130 4410 videndum
2149 4366 2231 4435 quo·

1250 4435 1338 4503 libet
1359 4434 1455 4518 loco,
1480 4458 1549 4525 qua
1574 4439 1617 4505 de
1633 4462 1671 4505 re
1688 4438 1835 4512 dicatur.
1887 4436 2131 4511 Alihidivina
2149 4445 2231 4512 dicta

1251 4558 1408 4625 expresse
1431 4536 1590 4625 politiam
1614 4540 1832 4627 adprobant,
1858 4554 1890 4611 et
1914 4535 2127 4613 honorificis
2144 4544 2232 4616 testi·

1252 4637 1381 4704 moniis
1403 4650 1544 4710 ornant.
1597 4635 1639 4707 ln
1661 4635 1727 4709 hac
1748 4655 1863 4711 autem
1886 4645 2060 4713 concione
2076 4642 2232 4716 Christos

1252 4759 1396 4828 prorsus
1414 4731 1507 4806 nihil
1530 4740 1575 4808 de
1597 4741 1739 4831 politica
1765 4744 2024 4831 gubernatione
2049 4747 2160 4829 dicit,
2182 4746 2233 4817 sed

1253 4836 1390 4908 tantuin
1421 4840 1466 4908 de
1494 4841 1631 4931 privata
1661 4844 1831 4937 cuiusque
1856 4845 2102 4936 poenitentia,
2138 4865 2172 4922 et
2199 4851 2237 4917 dt

1253 4939 1434 5018 mundicie
1450 4941 1568 5009 cordis
1580 4943 1750 5035 loquitur.
1801 4944 1883 5015 Non
1900 4942 2091 5038 prohibet,
2118 4954 2171 5022 uti
2187 4976 2242 5020 or·

1254 5041 1375 5111 dinata
1402 5041 1606 5114 defensione
1622 5045 1812 5127 divinitus,
1840 5051 1902 5117 sed
1918 5044 2089 5137 prohibet
2110 5051 2245 5124 turbari

1255 5143 1427 5213 ordinem.
1498 5139 1673 5217 lohannes
1692 5144 1869 5237 Baptista,
1897 5147 2032 5220 Paulus
2060 5178 2145 5224 non
2173 5180 2247 5224 mo·

1257 5259 1359 5313 veant
1379 5245 1569 5314 seditiones
1594 5250 1760 5317 adversus
1776 5265 1963 5342 tyrannos,
1990 5255 2053 5322 sed
2073 5256 2249 5329 iniuriam

1259 5345 1424 5427 tolerent,
1451 5371 1530 5416 cum
1548 5348 1593 5418 ab
1606 5342 1796 5419 ordinariis
1812 5352 2077 5438 magistratibus
2097 5383 2176 5429 non
2192 5360 2252 5429 de·

1257 5448 1462 5520 tenduntur.
1528 5445 1579 5520 lta
1606 5473 1724 5519 veram
1741 5452 2021 5543 explicationem
2048 5451 2146 5531 haec
2173 5461 2255 5532 dili-
