<?xml version="1.0" encoding="UTF-8"?>
<!DOCTYPE html PUBLIC "-//W3C//DTD XHTML 1.0 Transitional//EN"
    "http://www.w3.org/TR/xhtml1/DTD/xhtml1-transitional.dtd">
<html xmlns="http://www.w3.org/1999/xhtml" xml:lang="en" lang="en">
 <head>
  <title>
</title>
<meta http-equiv="Content-Type" content="text/html;charset=utf-8" />
  <meta name='ocr-system' content='tesseract 3.04.00' />
  <meta name='ocr-capabilities' content='ocr_page ocr_carea ocr_par ocr_line ocrx_word'/>
</head>
<body>
  <div class='ocr_page' id='page_1' title='image "./philippimelanth09melagoog_0172.png"; bbox 0 0 4776 6024; ppageno 0'>
   <div class='ocr_carea' id='block_1_1' title="bbox 273 333 348 415">
    <p class='ocr_par' dir='ltr' id='par_1_1' title="bbox 273 333 348 415">
     <span class='ocr_line' id='line_1_1' title="bbox 273 333 348 415; baseline -0.04 -2"><span class='ocrx_word' id='word_1_1' title='bbox 273 333 348 415; x_wconf 74' lang='lat'><strong>295</strong></span> 
     </span>
    </p>
   </div>
   <div class='ocr_carea' id='block_1_2' title="bbox 243 491 1266 1907">
    <p class='ocr_par' dir='ltr' id='par_1_2' title="bbox 243 491 1266 1907">
     <span class='ocr_line' id='line_1_2' title="bbox 278 491 1260 593; baseline -0.021 -14"><span class='ocrx_word' id='word_1_2' title='bbox 278 511 366 592; x_wconf 88' lang='lat' dir='ltr'><strong>siae,</strong></span> <span class='ocrx_word' id='word_1_3' title='bbox 392 517 514 574; x_wconf 88' lang='lat' dir='ltr'><strong>natum</strong></span> <span class='ocrx_word' id='word_1_4' title='bbox 539 503 578 572; x_wconf 92' lang='lat' dir='ltr'><strong>in</strong></span> <span class='ocrx_word' id='word_1_5' title='bbox 602 501 735 571; x_wconf 76' lang='lat' dir='ltr'><strong>familia</strong></span> <span class='ocrx_word' id='word_1_6' title='bbox 755 501 909 593; x_wconf 77' lang='lat' dir='ltr'>equestri</span> <span class='ocrx_word' id='word_1_7' title='bbox 924 500 1036 590; x_wconf 89' lang='lat' dir='ltr'><strong>gentis</strong></span> <span class='ocrx_word' id='word_1_8' title='bbox 1053 491 1260 567; x_wconf 90' lang='lat' dir='ltr'><strong>Pomerani-</strong></span> 
     </span>
     <span class='ocr_line' id='line_1_3' title="bbox 277 595 1261 679; baseline -0.017 0"><span class='ocrx_word' id='word_1_9' title='bbox 277 633 345 679; x_wconf 86' lang='lat' dir='ltr'><strong>cae.</strong></span> <span class='ocrx_word' id='word_1_10' title='bbox 405 603 574 675; x_wconf 90' lang='lat' dir='ltr'><strong>Nondum</strong></span> <span class='ocrx_word' id='word_1_11' title='bbox 595 606 754 674; x_wconf 89' lang='lat' dir='ltr'><strong>viderant</strong></span> <span class='ocrx_word' id='word_1_12' title='bbox 776 595 1149 671; x_wconf 77' lang='lat' dir='ltr'><strong>Iooehr&#39;mi-Morlini</strong></span> <span class='ocrx_word' id='word_1_13' title='bbox 1175 595 1261 666; x_wconf 91' lang='lat' dir='ltr'><strong>scri-</strong></span> 
     </span>
     <span class='ocr_line' id='line_1_4' title="bbox 277 696 1261 800; baseline -0.014 -22"><span class='ocrx_word' id='word_1_14' title='bbox 277 723 376 800; x_wconf 91' lang='lat' dir='ltr'><strong>ptum</strong></span> <span class='ocrx_word' id='word_1_15' title='bbox 399 709 442 776; x_wconf 93' lang='lat' dir='ltr'><strong>de</strong></span> <span class='ocrx_word' id='word_1_16' title='bbox 464 707 700 777; x_wconf 89' lang='lat' dir='ltr'><strong>controversia</strong></span> <span class='ocrx_word' id='word_1_17' title='bbox 722 696 927 784; x_wconf 84' lang='lat' dir='ltr'><strong>Osiondri,</strong></span> <span class='ocrx_word' id='word_1_18' title='bbox 955 706 1097 772; x_wconf 89' lang='lat' dir='ltr'><strong>eumad</strong></span> <span class='ocrx_word' id='word_1_19' title='bbox 1120 723 1184 769; x_wconf 94' lang='lat' dir='ltr'><strong>nos</strong></span> <span class='ocrx_word' id='word_1_20' title='bbox 1200 721 1261 765; x_wconf 90' lang='lat' dir='ltr'><strong>ve·</strong></span> 
     </span>
     <span class='ocr_line' id='line_1_5' title="bbox 277 799 1261 899; baseline -0.016 -19"><span class='ocrx_word' id='word_1_21' title='bbox 277 813 429 893; x_wconf 88' lang='lat' dir='ltr'><strong>nissent,</strong></span> <span class='ocrx_word' id='word_1_22' title='bbox 442 822 488 877; x_wconf 91' lang='lat' dir='ltr'><strong>-et</strong></span> <span class='ocrx_word' id='word_1_23' title='bbox 504 809 700 899; x_wconf 84' lang='lat' dir='ltr'><strong>exemplum</strong></span> <span class='ocrx_word' id='word_1_24' title='bbox 713 807 795 875; x_wconf 92' lang='lat' dir='ltr'><strong>libri</strong></span> <span class='ocrx_word' id='word_1_25' title='bbox 814 807 988 897; x_wconf 87' lang='lat' dir='ltr'><strong>petebant.</strong></span> <span class='ocrx_word' id='word_1_26' title='bbox 1023 801 1146 870; x_wconf 88' lang='lat' dir='ltr'><strong>Meum</strong></span> <span class='ocrx_word' id='word_1_27' title='bbox 1163 799 1261 869; x_wconf 92' lang='lat' dir='ltr'><strong>codi-</strong></span> 
     </span>
     <span class='ocr_line' id='line_1_6' title="bbox 278 902 1262 993; baseline -0.02 -11"><span class='ocrx_word' id='word_1_28' title='bbox 278 936 351 982; x_wconf 90' lang='lat' dir='ltr'><strong>cem</strong></span> <span class='ocrx_word' id='word_1_29' title='bbox 369 911 497 980; x_wconf 89' lang='lat' dir='ltr'><strong>tradidi</strong></span> <span class='ocrx_word' id='word_1_30' title='bbox 514 908 671 979; x_wconf 92' lang='lat' dir='ltr'><strong>Domino</strong></span> <span class='ocrx_word' id='word_1_31' title='bbox 687 902 848 979; x_wconf 77' lang='lat' dir='ltr'><strong><em>Pastori.</em></strong></span> <span class='ocrx_word' id='word_1_32' title='bbox 899 905 938 974; x_wconf 94' lang='lat' dir='ltr'><strong>Si</strong></span> <span class='ocrx_word' id='word_1_33' title='bbox 962 905 1070 993; x_wconf 87' lang='lat' dir='ltr'><strong>igitur</strong></span> <span class='ocrx_word' id='word_1_34' title='bbox 1085 902 1178 992; x_wconf 88' lang='lat' dir='ltr'><strong>apud</strong></span> <span class='ocrx_word' id='word_1_35' title='bbox 1202 919 1262 966; x_wconf 87' lang='lat' dir='ltr'><strong>vos</strong></span> 
     </span>
     <span class='ocr_line' id='line_1_7' title="bbox 243 999 1263 1107; baseline -0.014 -26"><span class='ocrx_word' id='word_1_36' title='bbox 243 1060 246 1065; x_wconf 33' lang='grc' dir='ltr'><strong><em>ι</em></strong></span> <span class='ocrx_word' id='word_1_37' title='bbox 278 1025 449 1107; x_wconf 83' lang='lat' dir='ltr'><strong>quaerent</strong></span> <span class='ocrx_word' id='word_1_38' title='bbox 462 1012 678 1102; x_wconf 84' lang='lat' dir='ltr'><strong>exemplum,</strong></span> <span class='ocrx_word' id='word_1_39' title='bbox 707 1023 841 1099; x_wconf 91' lang='lat' dir='ltr'><strong>petatur</strong></span> <span class='ocrx_word' id='word_1_40' title='bbox 856 1030 955 1075; x_wconf 91' lang='lat' dir='ltr'><strong>meus</strong></span> <span class='ocrx_word' id='word_1_41' title='bbox 974 1007 1081 1073; x_wconf 85' lang='lat' dir='ltr'>codex</span> <span class='ocrx_word' id='word_1_42' title='bbox 1096 1028 1115 1072; x_wconf 87' lang='lat' dir='ltr'><strong>a</strong></span> <span class='ocrx_word' id='word_1_43' title='bbox 1130 1003 1177 1075; x_wconf 89' lang='lat' dir='ltr'><strong>D.</strong></span> <span class='ocrx_word' id='word_1_44' title='bbox 1194 999 1263 1068; x_wconf 90' lang='lat' dir='ltr'><strong>Pa-</strong></span> 
     </span>
     <span class='ocr_line' id='line_1_8' title="bbox 277 1102 1262 1197; baseline -0.015 -13"><span class='ocrx_word' id='word_1_45' title='bbox 277 1129 383 1184; x_wconf 87' lang='lat' dir='ltr'><strong>store.</strong></span> <span class='ocrx_word' id='word_1_46' title='bbox 432 1110 565 1181; x_wconf 89' lang='lat' dir='ltr'><strong>Eadem</strong></span> <span class='ocrx_word' id='word_1_47' title='bbox 582 1115 625 1179; x_wconf 92' lang='lat' dir='ltr'><strong>de</strong></span> <span class='ocrx_word' id='word_1_48' title='bbox 642 1136 678 1179; x_wconf 92' lang='lat' dir='ltr'><strong>re</strong></span> <span class='ocrx_word' id='word_1_49' title='bbox 692 1112 736 1178; x_wconf 92' lang='lat' dir='ltr'><strong>ad</strong></span> <span class='ocrx_word' id='word_1_50' title='bbox 750 1103 912 1177; x_wconf 81' lang='lat' dir='ltr'><strong>Paulum</strong></span> <span class='ocrx_word' id='word_1_51' title='bbox 935 1106 1068 1197; x_wconf 85' lang='lat' dir='ltr'><strong>scripsi.</strong></span> <span class='ocrx_word' id='word_1_52' title='bbox 1121 1102 1262 1190; x_wconf 83' lang='lat' dir='ltr'><strong>Quaeso</strong></span> 
     </span>
     <span class='ocr_line' id='line_1_9' title="bbox 278 1198 1264 1305; baseline -0.015 -20"><span class='ocrx_word' id='word_1_53' title='bbox 278 1230 318 1285; x_wconf 91' lang='lat' dir='ltr'><strong>ut</strong></span> <span class='ocrx_word' id='word_1_54' title='bbox 334 1210 518 1305; x_wconf 71' lang='lat' dir='ltr'>hospitalia</span> <span class='ocrx_word' id='word_1_55' title='bbox 534 1213 648 1280; x_wconf 85' lang='lat' dir='ltr'><strong>officia</strong></span> <span class='ocrx_word' id='word_1_56' title='bbox 665 1207 747 1279; x_wconf 89' lang='lat' dir='ltr'><strong>huic</strong></span> <span class='ocrx_word' id='word_1_57' title='bbox 761 1211 868 1279; x_wconf 88' lang='lat' dir='ltr'><strong>veteri</strong></span> <span class='ocrx_word' id='word_1_58' title='bbox 886 1209 998 1277; x_wconf 92' lang='lat' dir='ltr'><strong>amico</strong></span> <span class='ocrx_word' id='word_1_59' title='bbox 1014 1220 1134 1275; x_wconf 92' lang='lat' dir='ltr'><strong>nostro</strong></span> <span class='ocrx_word' id='word_1_60' title='bbox 1143 1200 1185 1276; x_wconf 94' lang='lat' dir='ltr'><strong>D.</strong></span> <span class='ocrx_word' id='word_1_61' title='bbox 1195 1198 1264 1271; x_wconf 83' lang='lat' dir='ltr'><strong>Ia·</strong></span> 
     </span>
     <span class='ocr_line' id='line_1_10' title="bbox 280 1304 1265 1402; baseline -0.015 -17"><span class='ocrx_word' id='word_1_62' title='bbox 280 1314 365 1385; x_wconf 82' lang='lat' dir='ltr'><strong>eobo</strong></span> <span class='ocrx_word' id='word_1_63' title='bbox 380 1314 553 1385; x_wconf 90' lang='lat' dir='ltr'><strong>tribuatis.</strong></span> <span class='ocrx_word' id='word_1_64' title='bbox 606 1312 717 1382; x_wconf 89' lang='lat' dir='ltr'><strong>Panlo</strong></span> <span class='ocrx_word' id='word_1_65' title='bbox 735 1311 876 1402; x_wconf 80' lang='lat' dir='ltr'><strong>scripsi,</strong></span> <span class='ocrx_word' id='word_1_66' title='bbox 899 1323 939 1381; x_wconf 92' lang='lat' dir='ltr'><strong>ut</strong></span> <span class='ocrx_word' id='word_1_67' title='bbox 954 1310 1134 1377; x_wconf 90' lang='lat' dir='ltr'><strong>vobiscum</strong></span> <span class='ocrx_word' id='word_1_68' title='bbox 1159 1306 1205 1374; x_wconf 91' lang='lat' dir='ltr'><strong>sit</strong></span> <span class='ocrx_word' id='word_1_69' title='bbox 1225 1304 1265 1371; x_wconf 92' lang='lat' dir='ltr'><strong>in</strong></span> 
     </span>
     <span class='ocr_line' id='line_1_11' title="bbox 280 1405 1265 1505; baseline -0.016 -17"><span class='ocrx_word' id='word_1_70' title='bbox 280 1441 388 1488; x_wconf 87' lang='lat' dir='ltr'><strong>coena</strong></span> <span class='ocrx_word' id='word_1_71' title='bbox 406 1431 440 1486; x_wconf 91' lang='lat' dir='ltr'><strong>et</strong></span> <span class='ocrx_word' id='word_1_72' title='bbox 454 1415 615 1505; x_wconf 90' lang='lat' dir='ltr'><strong>prandio.</strong></span> <span class='ocrx_word' id='word_1_73' title='bbox 651 1412 767 1482; x_wconf 89' lang='lat' dir='ltr'><strong>Tuam</strong></span> <span class='ocrx_word' id='word_1_74' title='bbox 784 1412 966 1503; x_wconf 87' lang='lat' dir='ltr'><strong>epistolam</strong></span> <span class='ocrx_word' id='word_1_75' title='bbox 980 1405 1056 1477; x_wconf 89' lang='lat' dir='ltr'><strong>heri</strong></span> <span class='ocrx_word' id='word_1_76' title='bbox 1073 1407 1201 1496; x_wconf 85' lang='lat' dir='ltr'><strong>accepi,</strong></span> <span class='ocrx_word' id='word_1_77' title='bbox 1227 1406 1265 1472; x_wconf 95' lang='lat' dir='ltr'><strong>in</strong></span> 
     </span>
     <span class='ocr_line' id='line_1_12' title="bbox 279 1505 1264 1612; baseline -0.014 -24"><span class='ocrx_word' id='word_1_78' title='bbox 279 1545 348 1612; x_wconf 89' lang='lat' dir='ltr'><strong>qua</strong></span> <span class='ocrx_word' id='word_1_79' title='bbox 365 1533 438 1588; x_wconf 87' lang='lat' dir='ltr'><strong>erat</strong></span> <span class='ocrx_word' id='word_1_80' title='bbox 456 1516 658 1584; x_wconf 87' lang='lat' dir='ltr'><strong>dulcissima</strong></span> <span class='ocrx_word' id='word_1_81' title='bbox 672 1515 827 1583; x_wconf 87' lang='lat' dir='ltr'><strong>narratio</strong></span> <span class='ocrx_word' id='word_1_82' title='bbox 844 1516 887 1581; x_wconf 91' lang='lat' dir='ltr'><strong>de</strong></span> <span class='ocrx_word' id='word_1_83' title='bbox 901 1511 1012 1579; x_wconf 91' lang='lat' dir='ltr'><strong>filiolo</strong></span> <span class='ocrx_word' id='word_1_84' title='bbox 1030 1523 1162 1577; x_wconf 91' lang='lat' dir='ltr'><strong>nostro.</strong></span> <span class='ocrx_word' id='word_1_85' title='bbox 1212 1505 1264 1575; x_wconf 92' lang='lat' dir='ltr'><strong>De</strong></span> 
     </span>
     <span class='ocr_line' id='line_1_13' title="bbox 279 1609 1265 1705; baseline -0.018 -13"><span class='ocrx_word' id='word_1_86' title='bbox 279 1620 423 1692; x_wconf 89' lang='lat' dir='ltr'><strong>caeteris</strong></span> <span class='ocrx_word' id='word_1_87' title='bbox 445 1641 575 1689; x_wconf 85' lang='lat' dir='ltr'><strong>coram.</strong></span> <span class='ocrx_word' id='word_1_88' title='bbox 634 1614 744 1705; x_wconf 89' lang='lat' dir='ltr'><strong>Spero</strong></span> <span class='ocrx_word' id='word_1_89' title='bbox 770 1615 862 1683; x_wconf 87' lang='lat' dir='ltr'><strong>onim</strong></span> <span class='ocrx_word' id='word_1_90' title='bbox 890 1636 955 1682; x_wconf 93' lang='lat' dir='ltr'><strong>nos</strong></span> <span class='ocrx_word' id='word_1_91' title='bbox 976 1611 1134 1700; x_wconf 85' lang='lat' dir='ltr'><strong>proxima</strong></span> <span class='ocrx_word' id='word_1_92' title='bbox 1158 1609 1265 1697; x_wconf 87' lang='lat' dir='ltr'><strong>septi-</strong></span> 
     </span>
     <span class='ocr_line' id='line_1_14' title="bbox 281 1711 1265 1795; baseline -0.014 -4"><span class='ocrx_word' id='word_1_93' title='bbox 281 1747 383 1792; x_wconf 87' lang='lat' dir='ltr'>mana</span> <span class='ocrx_word' id='word_1_94' title='bbox 407 1722 581 1789; x_wconf 90' lang='lat' dir='ltr'><strong>redituros</strong></span> <span class='ocrx_word' id='word_1_95' title='bbox 605 1741 688 1790; x_wconf 90' lang='lat' dir='ltr'><strong>esse.</strong></span> <span class='ocrx_word' id='word_1_96' title='bbox 740 1712 817 1785; x_wconf 90' lang='lat' dir='ltr'><strong>Oro</strong></span> <span class='ocrx_word' id='word_1_97' title='bbox 841 1715 952 1783; x_wconf 90' lang='lat' dir='ltr'><strong>filium</strong></span> <span class='ocrx_word' id='word_1_98' title='bbox 977 1711 1060 1795; x_wconf 91' lang='lat' dir='ltr'><strong>Dei,</strong></span> <span class='ocrx_word' id='word_1_99' title='bbox 1086 1727 1125 1781; x_wconf 92' lang='lat' dir='ltr'><strong>ut</strong></span> <span class='ocrx_word' id='word_1_100' title='bbox 1147 1735 1208 1778; x_wconf 90' lang='lat' dir='ltr'><strong>vus</strong></span> <span class='ocrx_word' id='word_1_101' title='bbox 1233 1723 1265 1777; x_wconf 90' lang='lat' dir='ltr'><strong>et</strong></span> 
     </span>
     <span class='ocr_line' id='line_1_15' title="bbox 281 1813 1266 1907; baseline -0.013 -15"><span class='ocrx_word' id='word_1_102' title='bbox 281 1848 345 1892; x_wconf 91' lang='lat' dir='ltr'><strong>nos</strong></span> <span class='ocrx_word' id='word_1_103' title='bbox 366 1834 479 1891; x_wconf 90' lang='lat' dir='ltr'><strong>servet</strong></span> <span class='ocrx_word' id='word_1_104' title='bbox 503 1833 537 1888; x_wconf 88' lang='lat' dir='ltr'><strong>et</strong></span> <span class='ocrx_word' id='word_1_105' title='bbox 560 1819 742 1907; x_wconf 77' lang='lat' dir='ltr'><strong>gubernet.</strong></span> <span class='ocrx_word' id='word_1_106' title='bbox 799 1813 895 1884; x_wconf 92' lang='lat' dir='ltr'><strong>Bene</strong></span> <span class='ocrx_word' id='word_1_107' title='bbox 918 1830 952 1886; x_wconf 92' lang='lat' dir='ltr'><strong>et</strong></span> <span class='ocrx_word' id='word_1_108' title='bbox 971 1813 1120 1882; x_wconf 88' lang='lat' dir='ltr'><strong>feliciter</strong></span> <span class='ocrx_word' id='word_1_109' title='bbox 1144 1813 1266 1880; x_wconf 86' lang='lat' dir='ltr'><strong>valete.</strong></span> 
     </span>
    </p>
   </div>
   <div class='ocr_carea' id='block_1_3' title="bbox 279 1918 610 1995">
    <p class='ocr_par' dir='ltr' id='par_1_3' title="bbox 279 1918 610 1995">
     <span class='ocr_line' id='line_1_16' title="bbox 279 1918 610 1995; baseline -0.003 -1"><span class='ocrx_word' id='word_1_110' title='bbox 279 1922 348 1995; x_wconf 94' lang='lat' dir='ltr'><strong>Die</strong></span> <span class='ocrx_word' id='word_1_111' title='bbox 362 1920 495 1994; x_wconf 84' lang='lat' dir='ltr'><strong>xxlv.</strong></span> <span class='ocrx_word' id='word_1_112' title='bbox 508 1918 610 1993; x_wconf 85' lang='lat' dir='ltr'><strong>Maii.</strong></span> 
     </span>
    </p>
   </div>
   <div class='ocr_carea' id='block_1_4' title="bbox 295 2253 492 2329">
    <p class='ocr_par' dir='ltr' id='par_1_4' title="bbox 295 2253 492 2329">
     <span class='ocr_line' id='line_1_17' title="bbox 295 2253 492 2329; baseline 0.01 -2"><span class='ocrx_word' id='word_1_113' title='bbox 295 2257 362 2329; x_wconf 90' lang='lat' dir='ltr'><strong>No.</strong></span> <span class='ocrx_word' id='word_1_114' title='bbox 379 2253 492 2329; x_wconf 83' lang='lat'><strong>5611.</strong></span> 
     </span>
    </p>
   </div>
   <div class='ocr_carea' id='block_1_5' title="bbox 283 2354 510 2384">
    <p class='ocr_par' dir='ltr' id='par_1_5' title="bbox 283 2354 510 2384">
     <span class='ocr_line' id='line_1_18' title="bbox 283 2354 510 2384; baseline 0.009 -2"><span class='ocrx_word' id='word_1_115' title='bbox 283 2354 510 2384; x_wconf 52' lang='lat' dir='ltr'><strong>m</strong></span> 
     </span>
    </p>
   </div>
   <div class='ocr_carea' id='block_1_6' title="bbox 890 2253 1269 2340">
    <p class='ocr_par' dir='ltr' id='par_1_6' title="bbox 890 2253 1269 2340">
     <span class='ocr_line' id='line_1_19' title="bbox 890 2253 1269 2340; baseline -0.016 -18"><span class='ocrx_word' id='word_1_116' title='bbox 890 2262 936 2340; x_wconf 87' lang='lat' dir='ltr'><strong>(d.</strong></span> <span class='ocrx_word' id='word_1_117' title='bbox 955 2267 1013 2326; x_wconf 80' lang='lat'><strong>27.</strong></span> <span class='ocrx_word' id='word_1_118' title='bbox 1029 2264 1077 2320; x_wconf 88' lang='lat' dir='ltr'><strong>vel</strong></span> <span class='ocrx_word' id='word_1_119' title='bbox 1095 2266 1151 2326; x_wconf 75' lang='lat'><strong>28.</strong></span> <span class='ocrx_word' id='word_1_120' title='bbox 1165 2253 1269 2333; x_wconf 80' lang='lat' dir='ltr'><strong>Maii)</strong></span> 
     </span>
    </p>
   </div>
   <div class='ocr_carea' id='block_1_7' title="bbox 884 2352 1266 2390">
    <p class='ocr_par' dir='ltr' id='par_1_7' title="bbox 884 2352 1266 2390">
     <span class='ocr_line' id='line_1_20' title="bbox 884 2352 1266 2390; baseline -0.016 1"><span class='ocrx_word' id='word_1_121' title='bbox 884 2352 1266 2390; x_wconf 55' lang='lat' dir='ltr'><em>W</em></span> 
     </span>
    </p>
   </div>
   <div class='ocr_carea' id='block_1_8' title="bbox 359 2457 1189 2578">
    <p class='ocr_par' dir='ltr' id='par_1_8' title="bbox 359 2457 1189 2578">
     <span class='ocr_line' id='line_1_21' title="bbox 359 2457 1189 2578; baseline -0.007 -29"><span class='ocrx_word' id='word_1_122' title='bbox 359 2462 655 2578; x_wconf 70' lang='lat' dir='ltr'><strong>(Anonymus</strong></span> <span class='ocrx_word' id='word_1_123' title='bbox 676 2463 744 2548; x_wconf 86' lang='lat' dir='ltr'><strong>ud</strong></span> <span class='ocrx_word' id='word_1_124' title='bbox 761 2461 975 2550; x_wconf 69' lang='lat' dir='ltr'><strong>mactum</strong></span> <span class='ocrx_word' id='word_1_125' title='bbox 993 2457 1189 2576; x_wconf 80' lang='lat' dir='ltr'><strong>Illyrio.)</strong></span> 
     </span>
    </p>
   </div>
   <div class='ocr_carea' id='block_1_9' title="bbox 352 2634 1271 3030">
    <p class='ocr_par' dir='ltr' id='par_1_9' title="bbox 352 2634 1271 3030">
     <span class='ocr_line' id='line_1_22' title="bbox 352 2634 1268 2707; baseline -0.004 -19"><span class='ocrx_word' id='word_1_126' title='bbox 352 2635 376 2707; x_wconf 82' lang='lat'>†</span> <span class='ocrx_word' id='word_1_127' title='bbox 392 2635 428 2688; x_wconf 83' lang='lat' dir='ltr'><strong>Ex</strong></span> <span class='ocrx_word' id='word_1_128' title='bbox 441 2635 594 2706; x_wconf 68' lang='lat' dir='ltr'><strong>apographo</strong></span> <span class='ocrx_word' id='word_1_129' title='bbox 607 2635 635 2687; x_wconf 92' lang='lat' dir='ltr'><strong>in</strong></span> <span class='ocrx_word' id='word_1_130' title='bbox 647 2635 709 2690; x_wconf 86' lang='lat' dir='ltr'><strong>eod.</strong></span> <span class='ocrx_word' id='word_1_131' title='bbox 724 2634 798 2688; x_wconf 77' lang='lat' dir='ltr'><strong>Gelli</strong></span> <span class='ocrx_word' id='word_1_132' title='bbox 812 2635 832 2690; x_wconf 93' lang='lat' dir='ltr'><strong>l.</strong></span> <span class='ocrx_word' id='word_1_133' title='bbox 852 2636 943 2704; x_wconf 69' lang='lat' dir='ltr'><strong>pust.</strong></span> <span class='ocrx_word' id='word_1_134' title='bbox 961 2665 998 2680; x_wconf 87' lang='lat'><strong>·-·</strong></span> <span class='ocrx_word' id='word_1_135' title='bbox 1033 2634 1196 2704; x_wconf 78' lang='lat' dir='ltr'><strong>Quanquam</strong></span> <span class='ocrx_word' id='word_1_136' title='bbox 1212 2649 1268 2685; x_wconf 92' lang='lat' dir='ltr'><strong>non</strong></span> 
     </span>
     <span class='ocr_line' id='line_1_23' title="bbox 387 2702 1270 2774; baseline -0.007 -16"><span class='ocrx_word' id='word_1_137' title='bbox 387 2704 488 2758; x_wconf 87' lang='lat' dir='ltr'><strong>dictum</strong></span> <span class='ocrx_word' id='word_1_138' title='bbox 509 2705 627 2773; x_wconf 81' lang='lat' dir='ltr'><strong>estquis</strong></span> <span class='ocrx_word' id='word_1_139' title='bbox 648 2703 786 2774; x_wconf 80' lang='lat' dir='ltr'><strong>scripserit</strong></span> <span class='ocrx_word' id='word_1_140' title='bbox 805 2702 876 2756; x_wconf 77' lang='lat' dir='ltr'><strong>hene</strong></span> <span class='ocrx_word' id='word_1_141' title='bbox 895 2703 1053 2772; x_wconf 80' lang='lat' dir='ltr'><strong>epistolam,</strong></span> <span class='ocrx_word' id='word_1_142' title='bbox 1075 2713 1101 2756; x_wconf 84' lang='lat' dir='ltr'><strong>et</strong></span> <span class='ocrx_word' id='word_1_143' title='bbox 1114 2704 1157 2754; x_wconf 87' lang='lat' dir='ltr'><strong>eui</strong></span> <span class='ocrx_word' id='word_1_144' title='bbox 1172 2703 1270 2768; x_wconf 78' lang='lat' dir='ltr'><strong>scripte</strong></span> 
     </span>
     <span class='ocr_line' id='line_1_24' title="bbox 385 2771 1268 2842; baseline -0.002 -18"><span class='ocrx_word' id='word_1_145' title='bbox 385 2774 430 2840; x_wconf 83' lang='lat' dir='ltr'><strong>sit,</strong></span> <span class='ocrx_word' id='word_1_146' title='bbox 447 2782 536 2825; x_wconf 81' lang='lat' dir='ltr'><strong>tamen</strong></span> <span class='ocrx_word' id='word_1_147' title='bbox 549 2792 606 2826; x_wconf 79' lang='lat' dir='ltr'><strong>eam</strong></span> <span class='ocrx_word' id='word_1_148' title='bbox 621 2771 665 2825; x_wconf 86' lang='lat' dir='ltr'><strong>bic</strong></span> <span class='ocrx_word' id='word_1_149' title='bbox 678 2772 740 2826; x_wconf 75' lang='lat' dir='ltr'><strong>dare</strong></span> <span class='ocrx_word' id='word_1_150' title='bbox 753 2772 897 2839; x_wconf 86' lang='lat' dir='ltr'><strong>voluimus,</strong></span> <span class='ocrx_word' id='word_1_151' title='bbox 910 2790 995 2842; x_wconf 91' lang='lat' dir='ltr'><strong>quum</strong></span> <span class='ocrx_word' id='word_1_152' title='bbox 1011 2773 1076 2842; x_wconf 87' lang='lat' dir='ltr'><strong>quid</strong></span> <span class='ocrx_word' id='word_1_153' title='bbox 1092 2771 1195 2823; x_wconf 88' lang='lat' dir='ltr'><strong>inimici</strong></span> <span class='ocrx_word' id='word_1_154' title='bbox 1211 2771 1268 2822; x_wconf 82' lang='lat' dir='ltr'><strong>Me·</strong></span> 
     </span>
     <span class='ocr_line' id='line_1_25' title="bbox 386 2839 1271 2911; baseline -0.006 -17"><span class='ocrx_word' id='word_1_155' title='bbox 386 2839 522 2895; x_wconf 76' lang='lat' dir='ltr'><strong>lentbonis</strong></span> <span class='ocrx_word' id='word_1_156' title='bbox 540 2840 573 2895; x_wconf 84' lang='lat' dir='ltr'><strong>de</strong></span> <span class='ocrx_word' id='word_1_157' title='bbox 592 2851 727 2894; x_wconf 73' lang='lat' dir='ltr'><strong>conventu</strong></span> <span class='ocrx_word' id='word_1_158' title='bbox 744 2841 909 2910; x_wconf 80' lang='lat' dir='ltr'><strong>Nsumburg.</strong></span> <span class='ocrx_word' id='word_1_159' title='bbox 924 2841 1049 2911; x_wconf 80' lang='lat' dir='ltr'><strong>suspicati</strong></span> <span class='ocrx_word' id='word_1_160' title='bbox 1070 2840 1185 2900; x_wconf 85' lang='lat' dir='ltr'><strong>luerint,</strong></span> <span class='ocrx_word' id='word_1_161' title='bbox 1209 2840 1271 2889; x_wconf 80' lang='lat' dir='ltr'><strong>satis</strong></span> 
     </span>
     <span class='ocr_line' id='line_1_26' title="bbox 386 2909 1269 3030; baseline -0.005 -69"><span class='ocrx_word' id='word_1_162' title='bbox 386 2909 492 3030; x_wconf 62' lang='lat' dir='ltr'><strong>fd⁰⁴¹²⁸⁶</strong></span> <span class='ocrx_word' id='word_1_163' title='bbox 534 2909 572 2961; x_wconf 79' lang='lat' dir='ltr'><strong>Er</strong></span> <span class='ocrx_word' id='word_1_164' title='bbox 604 2920 765 2978; x_wconf 81' lang='lat' dir='ltr'><strong>argumento</strong></span> <span class='ocrx_word' id='word_1_165' title='bbox 794 2909 854 2979; x_wconf 78' lang='lat' dir='ltr'><strong>ipso</strong></span> <span class='ocrx_word' id='word_1_166' title='bbox 883 2919 1008 2978; x_wconf 79' lang='lat' dir='ltr'><strong>apparet,</strong></span> <span class='ocrx_word' id='word_1_167' title='bbox 1047 2909 1269 2963; x_wconf 77' lang='lat' dir='ltr'><strong>concionatorem</strong></span> 
     </span>
    </p>
   </div>
   <div class='ocr_carea' id='block_1_10' title="bbox 416 2975 1359 3048">
    <p class='ocr_par' dir='ltr' id='par_1_10' title="bbox 416 2975 1359 3048">
     <span class='ocr_line' id='line_1_27' title="bbox 416 2975 1359 3048; baseline -0.003 -18"><span class='ocrx_word' id='word_1_168' title='bbox 416 2979 641 3047; x_wconf 70' lang='lat' dir='ltr'><strong>numburgeusem</strong></span> <span class='ocrx_word' id='word_1_169' title='bbox 660 2996 718 3031; x_wconf 81' lang='lat' dir='ltr'><strong>cem</strong></span> <span class='ocrx_word' id='word_1_170' title='bbox 737 2977 891 3048; x_wconf 81' lang='lat' dir='ltr'><strong>scripsisse,</strong></span> <span class='ocrx_word' id='word_1_171' title='bbox 911 2987 937 3030; x_wconf 86' lang='lat' dir='ltr'><strong>ct</strong></span> <span class='ocrx_word' id='word_1_172' title='bbox 952 2977 1093 3043; x_wconf 80' lang='lat' dir='ltr'><strong>Matthias,</strong></span> <span class='ocrx_word' id='word_1_173' title='bbox 1110 2975 1154 3031; x_wconf 88' lang='lat' dir='ltr'><strong>eui</strong></span> <span class='ocrx_word' id='word_1_174' title='bbox 1173 2976 1271 3044; x_wconf 81' lang='lat' dir='ltr'><strong>scripta</strong></span> <span class='ocrx_word' id='word_1_175' title='bbox 1351 3011 1359 3027; x_wconf 84' lang='lat'><strong>.</strong></span> 
     </span>
    </p>
   </div>
   <div class='ocr_carea' id='block_1_11' title="bbox 389 3044 1084 3115">
    <p class='ocr_par' dir='ltr' id='par_1_11' title="bbox 389 3044 1084 3115">
     <span class='ocr_line' id='line_1_28' title="bbox 389 3044 1084 3115; baseline 0.003 -17"><span class='ocrx_word' id='word_1_176' title='bbox 389 3056 444 3115; x_wconf 79' lang='lat' dir='ltr'><strong>est,</strong></span> <span class='ocrx_word' id='word_1_177' title='bbox 463 3046 520 3098; x_wconf 82' lang='lat' dir='ltr'><strong>sine</strong></span> <span class='ocrx_word' id='word_1_178' title='bbox 534 3045 617 3099; x_wconf 91' lang='lat' dir='ltr'><strong>dubio</strong></span> <span class='ocrx_word' id='word_1_179' title='bbox 633 3056 672 3100; x_wconf 83' lang='lat' dir='ltr'><strong>est</strong></span> <span class='ocrx_word' id='word_1_180' title='bbox 686 3044 815 3101; x_wconf 71' lang='lat' dir='ltr'><strong>Matthias</strong></span> <span class='ocrx_word' id='word_1_181' title='bbox 831 3044 937 3099; x_wconf 76' lang='lat' dir='ltr'><strong>Flauius</strong></span> <span class='ocrx_word' id='word_1_182' title='bbox 951 3044 1084 3115; x_wconf 85' lang='lat' dir='ltr'><strong>lllyricus.</strong></span> 
     </span>
    </p>
   </div>
   <div class='ocr_carea' id='block_1_12' title="bbox 388 3198 1172 3436">
    <p class='ocr_par' dir='ltr' id='par_1_12' title="bbox 388 3198 1172 3436">
     <span class='ocr_line' id='line_1_29' title="bbox 388 3198 1172 3304; baseline -0.004 -30"><span class='ocrx_word' id='word_1_183' title='bbox 388 3202 566 3304; x_wconf 83' lang='lat' dir='ltr'><strong>Epistola</strong></span> <span class='ocrx_word' id='word_1_184' title='bbox 596 3200 641 3284; x_wconf 85' lang='lat' dir='ltr'><strong>de</strong></span> <span class='ocrx_word' id='word_1_185' title='bbox 670 3199 824 3301; x_wconf 81' lang='lat' dir='ltr'><strong>Synodo</strong></span> <span class='ocrx_word' id='word_1_186' title='bbox 854 3198 1172 3298; x_wconf 83' lang='lat' dir='ltr'><strong>Nuumburgensi.</strong></span> 
     </span>
     <span class='ocr_line' id='line_1_30' title="bbox 437 3328 1121 3436; baseline -0.006 -27"><span class='ocrx_word' id='word_1_187' title='bbox 437 3331 696 3436; x_wconf 81' lang='lat' dir='ltr'><strong>(Matthiae</strong></span> <span class='ocrx_word' id='word_1_188' title='bbox 721 3328 850 3407; x_wconf 78' lang='lat' dir='ltr'><strong>Flac.</strong></span> <span class='ocrx_word' id='word_1_189' title='bbox 881 3331 1121 3430; x_wconf 82' lang='lat' dir='ltr'><strong>Illyrico.)</strong></span> 
     </span>
    </p>
   </div>
   <div class='ocr_carea' id='block_1_13' title="bbox 262 3477 1274 4285">
    <p class='ocr_par' dir='ltr' id='par_1_13' title="bbox 288 3477 1273 3574">
     <span class='ocr_line' id='line_1_31' title="bbox 288 3477 1273 3574; baseline -0.002 -19"><span class='ocrx_word' id='word_1_190' title='bbox 288 3477 336 3565; x_wconf 82' lang='lat' dir='ltr'><strong>S.</strong></span> <span class='ocrx_word' id='word_1_191' title='bbox 387 3485 508 3555; x_wconf 90' lang='lat' dir='ltr'><strong>Tuum</strong></span> <span class='ocrx_word' id='word_1_192' title='bbox 524 3487 723 3569; x_wconf 89' lang='lat' dir='ltr'><strong>silentium,</strong></span> <span class='ocrx_word' id='word_1_193' title='bbox 749 3485 959 3555; x_wconf 88' lang='lat' dir='ltr'><strong>venerabilis</strong></span> <span class='ocrx_word' id='word_1_194' title='bbox 977 3481 1022 3558; x_wconf 93' lang='lat' dir='ltr'><strong>D.</strong></span> <span class='ocrx_word' id='word_1_195' title='bbox 1046 3487 1144 3556; x_wconf 95' lang='lat' dir='ltr'><strong>nulla</strong></span> <span class='ocrx_word' id='word_1_196' title='bbox 1169 3509 1273 3574; x_wconf 79' lang='lat' dir='ltr'><strong>excu-</strong></span> 
     </span>
    </p>

    <p class='ocr_par' dir='ltr' id='par_1_14' title="bbox 262 3587 1274 4285">
     <span class='ocr_line' id='line_1_32' title="bbox 262 3587 1272 3676; baseline -0.009 -14"><span class='ocrx_word' id='word_1_197' title='bbox 262 3590 423 3672; x_wconf 82' lang='lat' dir='ltr'><strong>satione</strong></span> <span class='ocrx_word' id='word_1_198' title='bbox 452 3603 547 3676; x_wconf 88' lang='lat' dir='ltr'><strong>eget,</strong></span> <span class='ocrx_word' id='word_1_199' title='bbox 580 3613 661 3656; x_wconf 90' lang='lat' dir='ltr'><strong>cum</strong></span> <span class='ocrx_word' id='word_1_200' title='bbox 692 3600 812 3656; x_wconf 91' lang='lat' dir='ltr'><strong>nostra</strong></span> <span class='ocrx_word' id='word_1_201' title='bbox 842 3587 994 3656; x_wconf 89' lang='lat' dir='ltr'><strong>amicitia</strong></span> <span class='ocrx_word' id='word_1_202' title='bbox 1022 3587 1208 3657; x_wconf 89' lang='lat' dir='ltr'><strong>concordia</strong></span> <span class='ocrx_word' id='word_1_203' title='bbox 1234 3610 1272 3654; x_wconf 88' lang='lat' dir='ltr'><strong>ac</strong></span> 
     </span>
     <span class='ocr_line' id='line_1_33' title="bbox 289 3687 1271 3778; baseline -0.008 -16"><span class='ocrx_word' id='word_1_204' title='bbox 289 3689 508 3762; x_wconf 81' lang='lat' dir='ltr'><strong>confessione</strong></span> <span class='ocrx_word' id='word_1_205' title='bbox 523 3690 605 3757; x_wconf 90' lang='lat' dir='ltr'><strong>fidei</strong></span> <span class='ocrx_word' id='word_1_206' title='bbox 620 3701 754 3758; x_wconf 89' lang='lat' dir='ltr'><strong>constet</strong></span> <span class='ocrx_word' id='word_1_207' title='bbox 767 3689 902 3778; x_wconf 90' lang='lat' dir='ltr'><strong>potius,</strong></span> <span class='ocrx_word' id='word_1_208' title='bbox 928 3713 1033 3778; x_wconf 87' lang='lat' dir='ltr'><strong>quam</strong></span> <span class='ocrx_word' id='word_1_209' title='bbox 1052 3690 1117 3758; x_wconf 88' lang='lat' dir='ltr'><strong>isto</strong></span> <span class='ocrx_word' id='word_1_210' title='bbox 1136 3687 1271 3775; x_wconf 85' lang='lat' dir='ltr'><strong>vulgari</strong></span> 
     </span>
     <span class='ocr_line' id='line_1_34' title="bbox 289 3781 1274 3880; baseline -0.01 -16"><span class='ocrx_word' id='word_1_211' title='bbox 289 3792 396 3865; x_wconf 78' lang='lat' dir='ltr'><strong>officii</strong></span> <span class='ocrx_word' id='word_1_212' title='bbox 419 3814 556 3880; x_wconf 83' lang='lat' dir='ltr'><strong>genere.</strong></span> <span class='ocrx_word' id='word_1_213' title='bbox 607 3788 723 3858; x_wconf 90' lang='lat' dir='ltr'><strong>Multa</strong></span> <span class='ocrx_word' id='word_1_214' title='bbox 749 3789 833 3871; x_wconf 90' lang='lat' dir='ltr'><strong>tibi,</strong></span> <span class='ocrx_word' id='word_1_215' title='bbox 865 3789 1064 3858; x_wconf 71' lang='lat' dir='ltr'><strong>doctissime</strong></span> <span class='ocrx_word' id='word_1_216' title='bbox 1090 3781 1274 3871; x_wconf 77' lang='lat' dir='ltr'><strong>Matthia,</strong></span> 
     </span>
     <span class='ocr_line' id='line_1_35' title="bbox 289 3888 1274 3979; baseline -0.01 -14"><span class='ocrx_word' id='word_1_217' title='bbox 289 3919 355 3965; x_wconf 92' lang='lat' dir='ltr'><strong>nos</strong></span> <span class='ocrx_word' id='word_1_218' title='bbox 379 3916 501 3962; x_wconf 92' lang='lat' dir='ltr'><strong>omnes</strong></span> <span class='ocrx_word' id='word_1_219' title='bbox 526 3892 654 3958; x_wconf 90' lang='lat' dir='ltr'><strong>debere</strong></span> <span class='ocrx_word' id='word_1_220' title='bbox 677 3889 909 3979; x_wconf 84' lang='lat' dir='ltr'><strong>agnoscimus.</strong></span> <span class='ocrx_word' id='word_1_221' title='bbox 969 3888 1039 3958; x_wconf 89' lang='lat' dir='ltr'><strong>Sed</strong></span> <span class='ocrx_word' id='word_1_222' title='bbox 1054 3890 1219 3959; x_wconf 91' lang='lat' dir='ltr'><strong>dominus</strong></span> <span class='ocrx_word' id='word_1_223' title='bbox 1240 3902 1274 3955; x_wconf 92' lang='lat' dir='ltr'><strong>et</strong></span> 
     </span>
     <span class='ocr_line' id='line_1_36' title="bbox 288 3985 1273 4067; baseline -0.01 -1"><span class='ocrx_word' id='word_1_224' title='bbox 288 3999 396 4067; x_wconf 87' lang='lat' dir='ltr'><strong>frater</strong></span> <span class='ocrx_word' id='word_1_225' title='bbox 431 4008 548 4063; x_wconf 89' lang='lat' dir='ltr'><strong>noster</strong></span> <span class='ocrx_word' id='word_1_226' title='bbox 581 3989 677 4060; x_wconf 91' lang='lat' dir='ltr'><strong>lesus</strong></span> <span class='ocrx_word' id='word_1_227' title='bbox 702 3985 865 4060; x_wconf 89' lang='lat' dir='ltr'><strong>Christus</strong></span> <span class='ocrx_word' id='word_1_228' title='bbox 897 3990 1098 4060; x_wconf 89' lang='lat' dir='ltr'><strong>redditurus</strong></span> <span class='ocrx_word' id='word_1_229' title='bbox 1124 4004 1176 4059; x_wconf 88' lang='lat' dir='ltr'><strong>est</strong></span> <span class='ocrx_word' id='word_1_230' title='bbox 1209 3991 1273 4059; x_wconf 92' lang='lat' dir='ltr'><strong>tibi</strong></span> 
     </span>
     <span class='ocr_line' id='line_1_37' title="bbox 291 4092 1274 4185; baseline -0.007 -20"><span class='ocrx_word' id='word_1_231' title='bbox 291 4098 485 4165; x_wconf 88' lang='lat' dir='ltr'><strong>mercedem</strong></span> <span class='ocrx_word' id='word_1_232' title='bbox 506 4119 569 4183; x_wconf 93' lang='lat' dir='ltr'><strong>pro</strong></span> <span class='ocrx_word' id='word_1_233' title='bbox 590 4093 770 4162; x_wconf 84' lang='lat' dir='ltr'><strong>laboribus</strong></span> <span class='ocrx_word' id='word_1_234' title='bbox 787 4092 873 4174; x_wconf 92' lang='lat' dir='ltr'><strong>tuis,</strong></span> <span class='ocrx_word' id='word_1_235' title='bbox 898 4092 1187 4185; x_wconf 87' lang='lat' dir='ltr'><strong>quandoquidem</strong></span> <span class='ocrx_word' id='word_1_236' title='bbox 1210 4114 1274 4159; x_wconf 94' lang='lat' dir='ltr'><strong>nos</strong></span> 
     </span>
     <span class='ocr_line' id='line_1_38' title="bbox 292 4189 998 4285; baseline -0.007 -20"><span class='ocrx_word' id='word_1_237' title='bbox 292 4221 366 4265; x_wconf 92' lang='lat' dir='ltr'><strong>non</strong></span> <span class='ocrx_word' id='word_1_238' title='bbox 379 4217 575 4285; x_wconf 89' lang='lat' dir='ltr'><strong>possumus.</strong></span> <span class='ocrx_word' id='word_1_239' title='bbox 626 4195 694 4265; x_wconf 90' lang='lat' dir='ltr'><strong>Sed</strong></span> <span class='ocrx_word' id='word_1_240' title='bbox 716 4191 801 4262; x_wconf 89' lang='lat' dir='ltr'><strong>haec</strong></span> <span class='ocrx_word' id='word_1_241' title='bbox 819 4189 998 4266; x_wconf 89' lang='lat' dir='ltr'><strong>hactenus.</strong></span> 
     </span>
    </p>
   </div>
   <div class='ocr_carea' id='block_1_14' title="bbox 292 4321 1276 5436">
    <p class='ocr_par' dir='ltr' id='par_1_15' title="bbox 292 4321 1276 5436">
     <span class='ocr_line' id='line_1_39' title="bbox 381 4321 1276 4416; baseline -0.007 -15"><span class='ocrx_word' id='word_1_242' title='bbox 381 4331 433 4401; x_wconf 89' lang='lat' dir='ltr'><strong>De</strong></span> <span class='ocrx_word' id='word_1_243' title='bbox 452 4343 628 4397; x_wconf 85' lang='lat' dir='ltr'><strong>conventu</strong></span> <span class='ocrx_word' id='word_1_244' title='bbox 644 4326 909 4416; x_wconf 89' lang='lat' dir='ltr'><strong>Theologorum</strong></span> <span class='ocrx_word' id='word_1_245' title='bbox 925 4322 1120 4396; x_wconf 90' lang='lat' dir='ltr'><strong>hisdiebus</strong></span> <span class='ocrx_word' id='word_1_246' title='bbox 1136 4321 1192 4394; x_wconf 90' lang='lat' dir='ltr'><strong>hie</strong></span> <span class='ocrx_word' id='word_1_247' title='bbox 1212 4321 1276 4395; x_wconf 90' lang='lat' dir='ltr'><strong>ba-</strong></span> 
     </span>
     <span class='ocr_line' id='line_1_40' title="bbox 292 4428 1276 4509; baseline -0.008 -6"><span class='ocrx_word' id='word_1_248' title='bbox 292 4437 367 4503; x_wconf 91' lang='lat' dir='ltr'><strong>bito</strong></span> <span class='ocrx_word' id='word_1_249' title='bbox 385 4433 538 4501; x_wconf 85' lang='lat' dir='ltr'><strong>libenter</strong></span> <span class='ocrx_word' id='word_1_250' title='bbox 554 4429 619 4496; x_wconf 90' lang='lat' dir='ltr'><strong>tibi</strong></span> <span class='ocrx_word' id='word_1_251' title='bbox 637 4431 746 4499; x_wconf 90' lang='lat' dir='ltr'><strong>multa</strong></span> <span class='ocrx_word' id='word_1_252' title='bbox 763 4431 963 4509; x_wconf 85' lang='lat' dir='ltr'><strong>scriberem,</strong></span> <span class='ocrx_word' id='word_1_253' title='bbox 981 4430 1042 4496; x_wconf 90' lang='lat' dir='ltr'><strong>sed</strong></span> <span class='ocrx_word' id='word_1_254' title='bbox 1061 4429 1150 4496; x_wconf 93' lang='lat' dir='ltr'><strong>miro</strong></span> <span class='ocrx_word' id='word_1_255' title='bbox 1167 4428 1276 4495; x_wconf 92' lang='lat' dir='ltr'><strong>silen-</strong></span> 
     </span>
     <span class='ocr_line' id='line_1_41' title="bbox 292 4529 1276 4617; baseline -0.01 -12"><span class='ocrx_word' id='word_1_256' title='bbox 292 4541 342 4606; x_wconf 91' lang='lat' dir='ltr'><strong>tio</strong></span> <span class='ocrx_word' id='word_1_257' title='bbox 373 4532 491 4603; x_wconf 87' lang='lat' dir='ltr'><strong>omnia</strong></span> <span class='ocrx_word' id='word_1_258' title='bbox 521 4531 701 4617; x_wconf 90' lang='lat' dir='ltr'><strong>obtegunt.</strong></span> <span class='ocrx_word' id='word_1_259' title='bbox 758 4529 942 4598; x_wconf 83' lang='lat' dir='ltr'><strong>Venerunt</strong></span> <span class='ocrx_word' id='word_1_260' title='bbox 969 4532 1013 4597; x_wconf 89' lang='lat' dir='ltr'><strong>ad</strong></span> <span class='ocrx_word' id='word_1_261' title='bbox 1045 4553 1108 4597; x_wconf 91' lang='lat' dir='ltr'><strong>nos</strong></span> <span class='ocrx_word' id='word_1_262' title='bbox 1133 4531 1194 4601; x_wconf 73' lang='lat'><strong>20.</strong></span> <span class='ocrx_word' id='word_1_263' title='bbox 1219 4531 1276 4597; x_wconf 90' lang='lat' dir='ltr'><strong>die</strong></span> 
     </span>
     <span class='ocr_line' id='line_1_42' title="bbox 293 4623 1275 4724; baseline -0.009 -19"><span class='ocrx_word' id='word_1_264' title='bbox 293 4636 384 4706; x_wconf 88' lang='lat' dir='ltr'><strong>Maii</strong></span> <span class='ocrx_word' id='word_1_265' title='bbox 405 4632 449 4705; x_wconf 90' lang='lat' dir='ltr'><strong>D.</strong></span> <span class='ocrx_word' id='word_1_266' title='bbox 466 4623 664 4724; x_wconf 76' lang='lat' dir='ltr'><strong>Philippus</strong></span> <span class='ocrx_word' id='word_1_267' title='bbox 687 4641 721 4697; x_wconf 88' lang='lat' dir='ltr'><strong>et</strong></span> <span class='ocrx_word' id='word_1_268' title='bbox 742 4626 786 4702; x_wconf 94' lang='lat' dir='ltr'><strong>D.</strong></span> <span class='ocrx_word' id='word_1_269' title='bbox 805 4623 1019 4710; x_wconf 83' lang='lat' dir='ltr'><strong>Forsterus‚</strong></span> <span class='ocrx_word' id='word_1_270' title='bbox 1051 4654 1195 4717; x_wconf 88' lang='lat' dir='ltr'><strong>prorsus</strong></span> <span class='ocrx_word' id='word_1_271' title='bbox 1220 4630 1275 4697; x_wconf 89' lang='lat' dir='ltr'><strong>in-</strong></span> 
     </span>
     <span class='ocr_line' id='line_1_43' title="bbox 294 4729 1276 4828; baseline -0.009 -20"><span class='ocrx_word' id='word_1_272' title='bbox 294 4735 523 4828; x_wconf 86' lang='lat' dir='ltr'><strong>opinantibus</strong></span> <span class='ocrx_word' id='word_1_273' title='bbox 551 4732 654 4801; x_wconf 88' lang='lat' dir='ltr'><strong>nubis</strong></span> <span class='ocrx_word' id='word_1_274' title='bbox 683 4754 722 4799; x_wconf 87' lang='lat' dir='ltr'><strong>ac</strong></span> <span class='ocrx_word' id='word_1_275' title='bbox 753 4729 999 4799; x_wconf 88' lang='lat' dir='ltr'><strong>nescientibus.</strong></span> <span class='ocrx_word' id='word_1_276' title='bbox 1049 4731 1169 4799; x_wconf 90' lang='lat' dir='ltr'><strong>Secuti</strong></span> <span class='ocrx_word' id='word_1_277' title='bbox 1194 4745 1276 4799; x_wconf 90' lang='lat' dir='ltr'><strong>sunt</strong></span> 
     </span>
     <span class='ocr_line' id='line_1_44' title="bbox 294 4819 1276 4931; baseline -0.013 -22"><span class='ocrx_word' id='word_1_278' title='bbox 294 4840 453 4931; x_wconf 87' lang='lat' dir='ltr'><strong>sequenti</strong></span> <span class='ocrx_word' id='word_1_279' title='bbox 468 4837 526 4904; x_wconf 91' lang='lat' dir='ltr'><strong>die</strong></span> <span class='ocrx_word' id='word_1_280' title='bbox 541 4832 583 4902; x_wconf 92' lang='lat' dir='ltr'><strong>Li</strong></span> <span class='ocrx_word' id='word_1_281' title='bbox 589 4855 726 4924; x_wconf 90' lang='lat' dir='ltr'><strong>psenses</strong></span> <span class='ocrx_word' id='word_1_282' title='bbox 741 4828 784 4902; x_wconf 93' lang='lat' dir='ltr'><strong>D.</strong></span> <span class='ocrx_word' id='word_1_283' title='bbox 794 4819 1032 4899; x_wconf 81' lang='lat' dir='ltr'><strong>Camerarius</strong></span> <span class='ocrx_word' id='word_1_284' title='bbox 1046 4837 1124 4898; x_wconf 79' lang='lat' dir='ltr'><strong>etim</strong></span> <span class='ocrx_word' id='word_1_285' title='bbox 1141 4828 1185 4902; x_wconf 92' lang='lat' dir='ltr'><strong>D.</strong></span> <span class='ocrx_word' id='word_1_286' title='bbox 1200 4824 1276 4897; x_wconf 87' lang='grc' dir='ltr'><strong>Ρα-</strong></span> 
     </span>
     <span class='ocr_line' id='line_1_45' title="bbox 296 4929 1276 5022; baseline -0.011 -11"><span class='ocrx_word' id='word_1_287' title='bbox 296 4965 364 5014; x_wconf 87' lang='lat' dir='ltr'><strong>ceu.</strong></span> <span class='ocrx_word' id='word_1_288' title='bbox 405 4935 563 5009; x_wconf 85' lang='lat' dir='ltr'><strong>Aderant</strong></span> <span class='ocrx_word' id='word_1_289' title='bbox 579 4938 683 5006; x_wconf 90' lang='lat' dir='ltr'><strong>etiam</strong></span> <span class='ocrx_word' id='word_1_290' title='bbox 701 4936 771 5002; x_wconf 94' lang='lat' dir='ltr'><strong>duo</strong></span> <span class='ocrx_word' id='word_1_291' title='bbox 787 4957 828 5000; x_wconf 89' lang='lat' dir='ltr'><strong>ex</strong></span> <span class='ocrx_word' id='word_1_292' title='bbox 844 4930 978 5000; x_wconf 88' lang='lat' dir='ltr'><strong>ditione</strong></span> <span class='ocrx_word' id='word_1_293' title='bbox 995 4929 1170 5022; x_wconf 86' lang='lat' dir='ltr'><strong>Principis</strong></span> <span class='ocrx_word' id='word_1_294' title='bbox 1186 4929 1276 5000; x_wconf 90' lang='lat' dir='ltr'><strong>Hes-</strong></span> 
     </span>
     <span class='ocr_line' id='line_1_46' title="bbox 296 5029 1274 5124; baseline -0.009 -11"><span class='ocrx_word' id='word_1_295' title='bbox 296 5067 413 5112; x_wconf 90' lang='lat' dir='ltr'><strong>sorum</strong></span> <span class='ocrx_word' id='word_1_296' title='bbox 434 5034 519 5104; x_wconf 91' lang='lat' dir='ltr'><strong>mihi</strong></span> <span class='ocrx_word' id='word_1_297' title='bbox 536 5037 657 5124; x_wconf 89' lang='lat' dir='ltr'><strong>ignoti.</strong></span> <span class='ocrx_word' id='word_1_298' title='bbox 706 5034 756 5104; x_wconf 93' lang='lat' dir='ltr'><strong>Hi</strong></span> <span class='ocrx_word' id='word_1_299' title='bbox 777 5029 835 5102; x_wconf 91' lang='lat' dir='ltr'><strong>bic</strong></span> <span class='ocrx_word' id='word_1_300' title='bbox 857 5032 1064 5102; x_wconf 89' lang='lat' dir='ltr'><strong>commorati</strong></span> <span class='ocrx_word' id='word_1_301' title='bbox 1081 5057 1143 5122; x_wconf 90' lang='lat' dir='ltr'><strong>per</strong></span> <span class='ocrx_word' id='word_1_302' title='bbox 1163 5034 1274 5104; x_wconf 90' lang='lat' dir='ltr'><strong>dies8</strong></span> 
     </span>
     <span class='ocr_line' id='line_1_47' title="bbox 295 5135 1275 5227; baseline -0.012 -12"><span class='ocrx_word' id='word_1_303' title='bbox 295 5159 357 5215; x_wconf 86' lang='lat' dir='ltr'><strong>aut</strong></span> <span class='ocrx_word' id='word_1_304' title='bbox 381 5143 426 5212; x_wconf 88' lang='grc'><strong>10</strong></span> <span class='ocrx_word' id='word_1_305' title='bbox 452 5138 579 5207; x_wconf 87' lang='lat' dir='ltr'><strong>cotidie</strong></span> <span class='ocrx_word' id='word_1_306' title='bbox 602 5151 683 5208; x_wconf 93' lang='lat' dir='ltr'><strong>sunt</strong></span> <span class='ocrx_word' id='word_1_307' title='bbox 706 5135 881 5225; x_wconf 88' lang='lat' dir='ltr'><strong>congressi</strong></span> <span class='ocrx_word' id='word_1_308' title='bbox 889 5160 898 5219; x_wconf 93' lang='lat'>;</span> <span class='ocrx_word' id='word_1_309' title='bbox 930 5135 1016 5227; x_wconf 92' lang='lat' dir='ltr'><strong>quid</strong></span> <span class='ocrx_word' id='word_1_310' title='bbox 1032 5148 1148 5204; x_wconf 89' lang='lat' dir='ltr'><strong>autem</strong></span> <span class='ocrx_word' id='word_1_311' title='bbox 1166 5136 1275 5204; x_wconf 90' lang='lat' dir='ltr'><strong>collo-</strong></span> 
     </span>
     <span class='ocr_line' id='line_1_48' title="bbox 296 5235 1274 5331; baseline -0.011 -16"><span class='ocrx_word' id='word_1_312' title='bbox 296 5246 368 5315; x_wconf 88' lang='lat' dir='ltr'><strong>cuti</strong></span> <span class='ocrx_word' id='word_1_313' title='bbox 391 5257 451 5313; x_wconf 90' lang='lat' dir='ltr'><strong>aut</strong></span> <span class='ocrx_word' id='word_1_314' title='bbox 477 5240 521 5306; x_wconf 93' lang='lat' dir='ltr'><strong>de</strong></span> <span class='ocrx_word' id='word_1_315' title='bbox 542 5264 609 5331; x_wconf 90' lang='lat' dir='ltr'><strong>qua</strong></span> <span class='ocrx_word' id='word_1_316' title='bbox 634 5265 670 5308; x_wconf 91' lang='lat' dir='ltr'><strong>re</strong></span> <span class='ocrx_word' id='word_1_317' title='bbox 699 5263 802 5308; x_wconf 93' lang='lat' dir='ltr'><strong>nemo</strong></span> <span class='ocrx_word' id='word_1_318' title='bbox 824 5238 964 5311; x_wconf 88' lang='lat' dir='ltr'><strong>sciebat.</strong></span> <span class='ocrx_word' id='word_1_319' title='bbox 1021 5235 1079 5306; x_wconf 93' lang='lat' dir='ltr'><strong>llli</strong></span> <span class='ocrx_word' id='word_1_320' title='bbox 1101 5238 1274 5315; x_wconf 87' lang='lat' dir='ltr'><strong>dicebant,</strong></span> 
     </span>
     <span class='ocr_line' id='line_1_49' title="bbox 296 5335 1275 5436; baseline -0.012 -19"><span class='ocrx_word' id='word_1_321' title='bbox 296 5343 472 5436; x_wconf 88' lang='lat' dir='ltr'><strong>Principis</strong></span> <span class='ocrx_word' id='word_1_322' title='bbox 487 5335 648 5434; x_wconf 82' lang='lat' dir='ltr'><strong>Augusti</strong></span> <span class='ocrx_word' id='word_1_323' title='bbox 669 5342 833 5409; x_wconf 83' lang='lat' dir='ltr'><strong>mandato</strong></span> <span class='ocrx_word' id='word_1_324' title='bbox 858 5336 926 5407; x_wconf 90' lang='lat' dir='ltr'><strong>huc</strong></span> <span class='ocrx_word' id='word_1_325' title='bbox 943 5361 979 5408; x_wconf 89' lang='lat' dir='ltr'><strong>se</strong></span> <span class='ocrx_word' id='word_1_326' title='bbox 1002 5339 1209 5417; x_wconf 87' lang='lat' dir='ltr'><strong>contulisse,</strong></span> <span class='ocrx_word' id='word_1_327' title='bbox 1235 5349 1275 5407; x_wconf 93' lang='lat' dir='ltr'><strong>ut</strong></span> 
     </span>
    </p>
   </div>
   <div class='ocr_carea' id='block_1_15' title="bbox 298 5438 1273 5535">
    <p class='ocr_par' dir='ltr' id='par_1_16' title="bbox 298 5438 1273 5535">
     <span class='ocr_line' id='line_1_50' title="bbox 298 5438 1273 5535; baseline -0.008 -19"><span class='ocrx_word' id='word_1_328' title='bbox 298 5469 377 5519; x_wconf 84' lang='lat' dir='ltr'><strong>cum</strong></span> <span class='ocrx_word' id='word_1_329' title='bbox 395 5446 473 5517; x_wconf 88' lang='lat' dir='ltr'><strong>aliis</strong></span> <span class='ocrx_word' id='word_1_330' title='bbox 491 5438 682 5534; x_wconf 89' lang='lat' dir='ltr'><strong>theologis,</strong></span> <span class='ocrx_word' id='word_1_331' title='bbox 709 5464 861 5535; x_wconf 89' lang='lat' dir='ltr'><strong>quorum</strong></span> <span class='ocrx_word' id='word_1_332' title='bbox 879 5443 1050 5513; x_wconf 84' lang='lat' dir='ltr'><strong>adventus</strong></span> <span class='ocrx_word' id='word_1_333' title='bbox 1070 5439 1273 5533; x_wconf 77' lang='lat' dir='ltr'><strong>expectaba-</strong></span> 
     </span>
    </p>
   </div>
   <div class='ocr_carea' id='block_1_16' title="bbox 849 313 1721 401">
    <p class='ocr_par' dir='ltr' id='par_1_17' title="bbox 849 313 1721 401">
     <span class='ocr_line' id='line_1_51' title="bbox 849 313 1721 401; baseline -0.01 0"><span class='ocrx_word' id='word_1_334' title='bbox 849 318 1277 401; x_wconf 85' lang='lat' dir='ltr'><strong>EPISTOLARUM</strong></span> <span class='ocrx_word' id='word_1_335' title='bbox 1323 315 1430 390; x_wconf 77' lang='lat' dir='ltr'><strong>LlB·</strong></span> <span class='ocrx_word' id='word_1_336' title='bbox 1455 313 1535 391; x_wconf 82' lang='lat' dir='ltr'><strong>xtt</strong></span> <span class='ocrx_word' id='word_1_337' title='bbox 1589 316 1721 393; x_wconf 75' lang='lat'><strong>1554.</strong></span> 
     </span>
    </p>
   </div>
   <div class='ocr_carea' id='block_1_17' title="bbox 2229 318 2309 392">
    <p class='ocr_par' dir='ltr' id='par_1_18' title="bbox 2229 318 2309 392">
     <span class='ocr_line' id='line_1_52' title="bbox 2229 318 2309 392; baseline 0.013 -1"><span class='ocrx_word' id='word_1_338' title='bbox 2229 318 2309 392; x_wconf 77' lang='grc'><strong>296</strong></span> 
     </span>
    </p>
   </div>
   <div class='ocr_carea' id='block_1_18' title="bbox 1312 484 2316 4522">
    <p class='ocr_par' dir='ltr' id='par_1_19' title="bbox 1312 484 2316 4522">
     <span class='ocr_line' id='line_1_53' title="bbox 1312 484 2307 579; baseline 0.001 -24"><span class='ocrx_word' id='word_1_339' title='bbox 1312 499 1387 567; x_wconf 89' lang='lat' dir='ltr'><strong>tur,</strong></span> <span class='ocrx_word' id='word_1_340' title='bbox 1413 486 1719 579; x_wconf 88' lang='lat' dir='ltr'><strong>colloquerentur,</strong></span> <span class='ocrx_word' id='word_1_341' title='bbox 1745 500 1779 556; x_wconf 92' lang='lat' dir='ltr'><strong>et</strong></span> <span class='ocrx_word' id='word_1_342' title='bbox 1801 484 2033 555; x_wconf 88' lang='lat' dir='ltr'><strong>convenirent</strong></span> <span class='ocrx_word' id='word_1_343' title='bbox 2058 487 2103 555; x_wconf 89' lang='lat' dir='ltr'><strong>de</strong></span> <span class='ocrx_word' id='word_1_344' title='bbox 2125 499 2222 557; x_wconf 90' lang='lat' dir='ltr'><strong>certo</strong></span> <span class='ocrx_word' id='word_1_345' title='bbox 2250 513 2307 556; x_wconf 91' lang='lat' dir='ltr'><strong>re-</strong></span> 
     </span>
     <span class='ocr_line' id='line_1_54' title="bbox 1314 585 2309 679; baseline 0.006 -26"><span class='ocrx_word' id='word_1_346' title='bbox 1314 610 1444 678; x_wconf 90' lang='lat' dir='ltr'><strong>sponso</strong></span> <span class='ocrx_word' id='word_1_347' title='bbox 1468 589 1584 655; x_wconf 79' lang='lat' dir='ltr'><strong>dando</strong></span> <span class='ocrx_word' id='word_1_348' title='bbox 1609 585 1769 672; x_wconf 83' lang='lat' dir='ltr'><strong>Caesari,</strong></span> <span class='ocrx_word' id='word_1_349' title='bbox 1795 588 1825 656; x_wconf 90' lang='lat' dir='ltr'><strong>si</strong></span> <span class='ocrx_word' id='word_1_350' title='bbox 1849 610 1915 657; x_wconf 94' lang='lat' dir='ltr'><strong>nos</strong></span> <span class='ocrx_word' id='word_1_351' title='bbox 1936 610 2059 657; x_wconf 93' lang='lat' dir='ltr'><strong>rursus</strong></span> <span class='ocrx_word' id='word_1_352' title='bbox 2074 589 2118 657; x_wconf 90' lang='lat' dir='ltr'><strong>de</strong></span> <span class='ocrx_word' id='word_1_353' title='bbox 2133 589 2309 679; x_wconf 91' lang='lat' dir='ltr'><strong>religione</strong></span> 
     </span>
     <span class='ocr_line' id='line_1_55' title="bbox 1314 689 2309 780; baseline 0.006 -26"><span class='ocrx_word' id='word_1_354' title='bbox 1314 690 1483 758; x_wconf 86' lang='lat' dir='ltr'><strong>mutanda</strong></span> <span class='ocrx_word' id='word_1_355' title='bbox 1508 689 1732 778; x_wconf 88' lang='lat' dir='ltr'><strong>interpellere</strong></span> <span class='ocrx_word' id='word_1_356' title='bbox 1756 689 1886 772; x_wconf 63' lang='lat' dir='ltr'><strong>vellet,</strong></span> <span class='ocrx_word' id='word_1_357' title='bbox 1907 690 2005 780; x_wconf 89' lang='lat' dir='ltr'><strong>qnod</strong></span> <span class='ocrx_word' id='word_1_358' title='bbox 2029 690 2130 758; x_wconf 85' lang='lat' dir='ltr'><strong>brevi</strong></span> <span class='ocrx_word' id='word_1_359' title='bbox 2145 691 2309 760; x_wconf 80' lang='lat' dir='ltr'><strong>futurum</strong></span> 
     </span>
     <span class='ocr_line' id='line_1_56' title="bbox 1314 785 2310 880; baseline 0.005 -22"><span class='ocrx_word' id='word_1_360' title='bbox 1314 788 1500 860; x_wconf 86' lang='lat' dir='ltr'><strong>timebant.</strong></span> <span class='ocrx_word' id='word_1_361' title='bbox 1534 785 1610 876; x_wconf 83' lang='lat' dir='ltr'><strong>Ego</strong></span> <span class='ocrx_word' id='word_1_362' title='bbox 1628 802 1744 858; x_wconf 88' lang='lat' dir='ltr'><strong>tamen</strong></span> <span class='ocrx_word' id='word_1_363' title='bbox 1761 803 1878 880; x_wconf 89' lang='lat' dir='ltr'><strong>postca</strong></span> <span class='ocrx_word' id='word_1_364' title='bbox 1895 789 2060 878; x_wconf 88' lang='lat' dir='ltr'><strong>privatim</strong></span> <span class='ocrx_word' id='word_1_365' title='bbox 2076 815 2157 859; x_wconf 89' lang='lat' dir='ltr'><strong>cum</strong></span> <span class='ocrx_word' id='word_1_366' title='bbox 2173 788 2219 863; x_wconf 92' lang='lat' dir='ltr'><strong>D.</strong></span> <span class='ocrx_word' id='word_1_367' title='bbox 2235 792 2310 862; x_wconf 90' lang='lat' dir='ltr'><strong>Va-</strong></span> 
     </span>
     <span class='ocr_line' id='line_1_57' title="bbox 1317 883 2310 983; baseline 0.005 -26"><span class='ocrx_word' id='word_1_368' title='bbox 1317 891 1450 958; x_wconf 91' lang='lat' dir='ltr'><strong>lentino</strong></span> <span class='ocrx_word' id='word_1_369' title='bbox 1468 883 1586 958; x_wconf 84' lang='lat' dir='ltr'><strong>Paceu</strong></span> <span class='ocrx_word' id='word_1_370' title='bbox 1601 892 1756 974; x_wconf 76' lang='lat' dir='ltr'><strong>locutus,</strong></span> <span class='ocrx_word' id='word_1_371' title='bbox 1782 891 1958 974; x_wconf 79' lang='lat' dir='ltr'><strong>intellexi,</strong></span> <span class='ocrx_word' id='word_1_372' title='bbox 1979 887 2177 983; x_wconf 86' lang='lat' dir='ltr'><strong>Episcopus</strong></span> <span class='ocrx_word' id='word_1_373' title='bbox 2191 892 2310 962; x_wconf 89' lang='lat' dir='ltr'><strong>Mers-</strong></span> 
     </span>
     <span class='ocr_line' id='line_1_58' title="bbox 1316 987 2308 1080; baseline 0.007 -24"><span class='ocrx_word' id='word_1_374' title='bbox 1316 993 1572 1080; x_wconf 89' lang='lat' dir='ltr'><strong>deburgensem</strong></span> <span class='ocrx_word' id='word_1_375' title='bbox 1607 1007 1642 1062; x_wconf 92' lang='lat' dir='ltr'><strong>et</strong></span> <span class='ocrx_word' id='word_1_376' title='bbox 1666 1006 1828 1061; x_wconf 89' lang='lat' dir='ltr'><strong>nostrum</strong></span> <span class='ocrx_word' id='word_1_377' title='bbox 1862 987 1969 1061; x_wconf 92' lang='lat' dir='ltr'><strong>huius</strong></span> <span class='ocrx_word' id='word_1_378' title='bbox 2004 1007 2201 1062; x_wconf 89' lang='lat' dir='ltr'><strong>conventus</strong></span> <span class='ocrx_word' id='word_1_379' title='bbox 2233 1018 2308 1065; x_wconf 90' lang='lat' dir='ltr'><strong>non</strong></span> 
     </span>
     <span class='ocr_line' id='line_1_59' title="bbox 1316 1089 2306 1180; baseline 0.007 -21"><span class='ocrx_word' id='word_1_380' title='bbox 1316 1092 1423 1159; x_wconf 84' lang='lat' dir='ltr'><strong>fuisse</strong></span> <span class='ocrx_word' id='word_1_381' title='bbox 1447 1093 1598 1180; x_wconf 90' lang='lat' dir='ltr'><strong>ignaros.</strong></span> <span class='ocrx_word' id='word_1_382' title='bbox 1649 1089 1741 1162; x_wconf 94' lang='lat' dir='ltr'><strong>Cum</strong></span> <span class='ocrx_word' id='word_1_383' title='bbox 1765 1105 1883 1161; x_wconf 90' lang='lat' dir='ltr'><strong>autem</strong></span> <span class='ocrx_word' id='word_1_384' title='bbox 1905 1093 1997 1162; x_wconf 90' lang='lat' dir='ltr'><strong>ultra</strong></span> <span class='ocrx_word' id='word_1_385' title='bbox 2015 1107 2094 1164; x_wconf 89' lang='lat' dir='ltr'><strong>octo</strong></span> <span class='ocrx_word' id='word_1_386' title='bbox 2110 1096 2186 1164; x_wconf 92' lang='lat' dir='ltr'><strong>dies</strong></span> <span class='ocrx_word' id='word_1_387' title='bbox 2202 1092 2306 1166; x_wconf 84' lang='lat' dir='ltr'><strong>Pola·</strong></span> 
     </span>
     <span class='ocr_line' id='line_1_60' title="bbox 1318 1190 2307 1282; baseline 0.006 -22"><span class='ocrx_word' id='word_1_388' title='bbox 1318 1194 1474 1261; x_wconf 90' lang='lat' dir='ltr'><strong>tinorum</strong></span> <span class='ocrx_word' id='word_1_389' title='bbox 1495 1190 1914 1282; x_wconf 84' lang='lat' dir='ltr'><strong>etWirtenbergensium</strong></span> <span class='ocrx_word' id='word_1_390' title='bbox 1931 1197 2137 1279; x_wconf 91' lang='lat' dir='ltr'><strong>adventum,</strong></span> <span class='ocrx_word' id='word_1_391' title='bbox 2162 1208 2201 1265; x_wconf 90' lang='lat' dir='ltr'><strong>ut</strong></span> <span class='ocrx_word' id='word_1_392' title='bbox 2215 1195 2307 1266; x_wconf 86' lang='lat' dir='ltr'><strong>iere·</strong></span> 
     </span>
     <span class='ocr_line' id='line_1_61' title="bbox 1317 1295 2307 1385; baseline 0.006 -24"><span class='ocrx_word' id='word_1_393' title='bbox 1317 1295 1441 1377; x_wconf 90' lang='lat' dir='ltr'><strong>batur,</strong></span> <span class='ocrx_word' id='word_1_394' title='bbox 1472 1295 1602 1362; x_wconf 80' lang='lat' dir='ltr'><strong>trustra</strong></span> <span class='ocrx_word' id='word_1_395' title='bbox 1629 1307 1881 1385; x_wconf 84' lang='lat' dir='ltr'><strong>expectassent,</strong></span> <span class='ocrx_word' id='word_1_396' title='bbox 1916 1310 2130 1383; x_wconf 82' lang='lat' dir='ltr'><strong>paraverunt</strong></span> <span class='ocrx_word' id='word_1_397' title='bbox 2158 1297 2307 1379; x_wconf 87' lang='lat' dir='ltr'><strong>abitum,</strong></span> 
     </span>
     <span class='ocr_line' id='line_1_62' title="bbox 1317 1389 2309 1489; baseline 0.006 -27"><span class='ocrx_word' id='word_1_398' title='bbox 1317 1394 1439 1462; x_wconf 87' lang='lat' dir='ltr'><strong>relicta</strong></span> <span class='ocrx_word' id='word_1_399' title='bbox 1463 1389 1521 1463; x_wconf 90' lang='lat' dir='ltr'><strong>bie</strong></span> <span class='ocrx_word' id='word_1_400' title='bbox 1543 1391 1642 1484; x_wconf 84' lang='lat' dir='ltr'><strong>copia</strong></span> <span class='ocrx_word' id='word_1_401' title='bbox 1659 1395 1780 1486; x_wconf 89' lang='lat' dir='ltr'><strong>scripti</strong></span> <span class='ocrx_word' id='word_1_402' title='bbox 1798 1395 2004 1480; x_wconf 89' lang='lat' dir='ltr'><strong>cuiusdam,</strong></span> <span class='ocrx_word' id='word_1_403' title='bbox 2029 1402 2124 1489; x_wconf 89' lang='lat' dir='ltr'><strong>qnod</strong></span> <span class='ocrx_word' id='word_1_404' title='bbox 2143 1399 2309 1468; x_wconf 87' lang='lat' dir='ltr'><strong>dicebant</strong></span> 
     </span>
     <span class='ocr_line' id='line_1_63' title="bbox 1318 1492 2309 1590; baseline 0.006 -26"><span class='ocrx_word' id='word_1_405' title='bbox 1318 1519 1491 1564; x_wconf 90' lang='lat' dir='ltr'><strong>summam</strong></span> <span class='ocrx_word' id='word_1_406' title='bbox 1526 1518 1668 1579; x_wconf 91' lang='lat' dir='ltr'><strong>eorum,</strong></span> <span class='ocrx_word' id='word_1_407' title='bbox 1706 1520 1796 1590; x_wconf 90' lang='lat' dir='ltr'><strong>quae</strong></span> <span class='ocrx_word' id='word_1_408' title='bbox 1828 1492 1886 1564; x_wconf 90' lang='lat' dir='ltr'><strong>hic</strong></span> <span class='ocrx_word' id='word_1_409' title='bbox 1920 1497 2073 1585; x_wconf 87' lang='lat' dir='ltr'><strong>egerint,</strong></span> <span class='ocrx_word' id='word_1_410' title='bbox 2113 1500 2309 1572; x_wconf 87' lang='lat' dir='ltr'><strong>continere.</strong></span> 
     </span>
     <span class='ocr_line' id='line_1_64' title="bbox 1318 1593 2311 1687; baseline 0.006 -23"><span class='ocrx_word' id='word_1_411' title='bbox 1318 1595 1395 1664; x_wconf 90' lang='lat' dir='ltr'><strong>Hoc</strong></span> <span class='ocrx_word' id='word_1_412' title='bbox 1413 1598 1581 1687; x_wconf 89' lang='lat' dir='ltr'><strong>scriptum</strong></span> <span class='ocrx_word' id='word_1_413' title='bbox 1600 1596 1687 1685; x_wconf 91' lang='lat' dir='ltr'><strong>legi,</strong></span> <span class='ocrx_word' id='word_1_414' title='bbox 1719 1601 1780 1667; x_wconf 89' lang='lat' dir='ltr'><strong>sed</strong></span> <span class='ocrx_word' id='word_1_415' title='bbox 1797 1596 1951 1667; x_wconf 90' lang='lat' dir='ltr'><strong>ieiunius</strong></span> <span class='ocrx_word' id='word_1_416' title='bbox 1967 1593 2055 1666; x_wconf 80' lang='lat' dir='ltr'><strong>milii</strong></span> <span class='ocrx_word' id='word_1_417' title='bbox 2073 1601 2260 1668; x_wconf 81' lang='lat' dir='ltr'><strong>videlmtnr</strong></span> <span class='ocrx_word' id='word_1_418' title='bbox 2275 1613 2311 1670; x_wconf 89' lang='lat' dir='ltr'><strong>et</strong></span> 
     </span>
     <span class='ocr_line' id='line_1_65' title="bbox 1320 1695 2307 1786; baseline 0.004 -21"><span class='ocrx_word' id='word_1_419' title='bbox 1320 1697 1506 1785; x_wconf 87' lang='lat' dir='ltr'><strong>indiguum</strong></span> <span class='ocrx_word' id='word_1_420' title='bbox 1538 1709 1715 1767; x_wconf 85' lang='lat' dir='ltr'><strong>tantorum</strong></span> <span class='ocrx_word' id='word_1_421' title='bbox 1738 1695 2001 1786; x_wconf 82' lang='lat' dir='ltr'><strong>Theologorum</strong></span> <span class='ocrx_word' id='word_1_422' title='bbox 2025 1713 2201 1770; x_wconf 86' lang='lat' dir='ltr'><strong>conventu</strong></span> <span class='ocrx_word' id='word_1_423' title='bbox 2226 1714 2307 1769; x_wconf 89' lang='lat' dir='ltr'><strong>tau-</strong></span> 
     </span>
     <span class='ocr_line' id='line_1_66' title="bbox 1319 1797 2307 1890; baseline 0.003 -24"><span class='ocrx_word' id='word_1_424' title='bbox 1319 1799 1432 1889; x_wconf 90' lang='lat' dir='ltr'><strong>tisque</strong></span> <span class='ocrx_word' id='word_1_425' title='bbox 1449 1797 1634 1887; x_wconf 88' lang='lat' dir='ltr'><strong>impensis,</strong></span> <span class='ocrx_word' id='word_1_426' title='bbox 1660 1814 1695 1869; x_wconf 91' lang='lat' dir='ltr'><strong>et</strong></span> <span class='ocrx_word' id='word_1_427' title='bbox 1708 1800 1830 1868; x_wconf 91' lang='lat' dir='ltr'><strong>multis</strong></span> <span class='ocrx_word' id='word_1_428' title='bbox 1844 1800 1996 1890; x_wconf 89' lang='lat' dir='ltr'><strong>suspicio</strong></span> <span class='ocrx_word' id='word_1_429' title='bbox 2011 1814 2063 1869; x_wconf 90' lang='lat' dir='ltr'><strong>est</strong></span> <span class='ocrx_word' id='word_1_430' title='bbox 2077 1815 2170 1884; x_wconf 90' lang='lat' dir='ltr'><strong>orta,</strong></span> <span class='ocrx_word' id='word_1_431' title='bbox 2195 1801 2307 1869; x_wconf 86' lang='lat' dir='ltr'><strong>aliam</strong></span> 
     </span>
     <span class='ocr_line' id='line_1_67' title="bbox 1319 1895 2309 1972; baseline 0.001 -5"><span class='ocrx_word' id='word_1_432' title='bbox 1319 1901 1425 1967; x_wconf 83' lang='lat' dir='ltr'><strong>luisse</strong></span> <span class='ocrx_word' id='word_1_433' title='bbox 1444 1895 1549 1967; x_wconf 91' lang='lat' dir='ltr'><strong>buius</strong></span> <span class='ocrx_word' id='word_1_434' title='bbox 1566 1915 1760 1970; x_wconf 87' lang='lat' dir='ltr'><strong>conventus</strong></span> <span class='ocrx_word' id='word_1_435' title='bbox 1779 1924 1929 1972; x_wconf 87' lang='lat' dir='ltr'><strong>causam.</strong></span> <span class='ocrx_word' id='word_1_436' title='bbox 1982 1899 2119 1970; x_wconf 84' lang='lat' dir='ltr'><strong>Tamen</strong></span> <span class='ocrx_word' id='word_1_437' title='bbox 2135 1897 2201 1970; x_wconf 90' lang='lat' dir='ltr'><strong>boc</strong></span> <span class='ocrx_word' id='word_1_438' title='bbox 2218 1903 2309 1971; x_wconf 88' lang='lat' dir='ltr'><strong>scri-</strong></span> 
     </span>
     <span class='ocr_line' id='line_1_68' title="bbox 1321 1994 2309 2090; baseline 0.002 -22"><span class='ocrx_word' id='word_1_439' title='bbox 1321 2015 1420 2090; x_wconf 93' lang='lat' dir='ltr'><strong>ptum</strong></span> <span class='ocrx_word' id='word_1_440' title='bbox 1433 1999 1557 2067; x_wconf 85' lang='lat' dir='ltr'><strong>Pastor</strong></span> <span class='ocrx_word' id='word_1_441' title='bbox 1572 2015 1691 2069; x_wconf 89' lang='lat' dir='ltr'><strong>noster</strong></span> <span class='ocrx_word' id='word_1_442' title='bbox 1704 1999 1799 2090; x_wconf 87' lang='lat' dir='ltr'><strong>Mag.</strong></span> <span class='ocrx_word' id='word_1_443' title='bbox 1816 1996 1870 2067; x_wconf 88' lang='lat' dir='ltr'><em>M</em></span> <span class='ocrx_word' id='word_1_444' title='bbox 1869 1994 1992 2069; x_wconf 77' lang='lat' dir='ltr'><strong>ichoel</strong></span> <span class='ocrx_word' id='word_1_445' title='bbox 2005 1995 2309 2071; x_wconf 81' lang='lat' dir='ltr'><strong>Deutzsehmonn</strong></span> 
     </span>
     <span class='ocr_line' id='line_1_69' title="bbox 1322 2096 2311 2189; baseline 0.006 -21"><span class='ocrx_word' id='word_1_446' title='bbox 1322 2101 1466 2168; x_wconf 90' lang='lat' dir='ltr'><strong>domino</strong></span> <span class='ocrx_word' id='word_1_447' title='bbox 1498 2099 1671 2189; x_wconf 84' lang='lat' dir='ltr'><strong>Magistro</strong></span> <span class='ocrx_word' id='word_1_448' title='bbox 1705 2096 1864 2171; x_wconf 83' lang='lat' dir='ltr'><strong>Stoltzr‘o</strong></span> <span class='ocrx_word' id='word_1_449' title='bbox 1890 2101 2075 2171; x_wconf 84' lang='lat' dir='ltr'><strong>Vinariam</strong></span> <span class='ocrx_word' id='word_1_450' title='bbox 2102 2105 2311 2186; x_wconf 87' lang='lat' dir='ltr'><strong>transmisit,</strong></span> 
     </span>
     <span class='ocr_line' id='line_1_70' title="bbox 1321 2198 2307 2296; baseline 0.007 -29"><span class='ocrx_word' id='word_1_451' title='bbox 1321 2202 1381 2294; x_wconf 93' lang='lat' dir='ltr'><strong>qui</strong></span> <span class='ocrx_word' id='word_1_452' title='bbox 1407 2202 1442 2268; x_wconf 92' lang='lat' dir='ltr'><strong>id</strong></span> <span class='ocrx_word' id='word_1_453' title='bbox 1469 2200 1511 2272; x_wconf 83' lang='grc' dir='ltr'><strong>Τ.</strong></span> <span class='ocrx_word' id='word_1_454' title='bbox 1526 2198 1568 2273; x_wconf 89' lang='lat' dir='ltr'><strong>E.</strong></span> <span class='ocrx_word' id='word_1_455' title='bbox 1596 2204 1787 2272; x_wconf 89' lang='lat' dir='ltr'><strong>missurum</strong></span> <span class='ocrx_word' id='word_1_456' title='bbox 1807 2228 1844 2273; x_wconf 91' lang='lat' dir='ltr'><strong>se</strong></span> <span class='ocrx_word' id='word_1_457' title='bbox 1865 2204 2056 2289; x_wconf 87' lang='lat' dir='ltr'><strong>scribebat,</strong></span> <span class='ocrx_word' id='word_1_458' title='bbox 2087 2217 2126 2293; x_wconf 35' lang='lat' dir='ltr'><strong>et,</strong></span> <span class='ocrx_word' id='word_1_459' title='bbox 2142 2221 2180 2274; x_wconf 90' lang='lat' dir='ltr'><strong>ut</strong></span> <span class='ocrx_word' id='word_1_460' title='bbox 2202 2229 2307 2296; x_wconf 91' lang='lat' dir='ltr'><strong>spero</strong></span> 
     </span>
     <span class='ocr_line' id='line_1_71' title="bbox 1324 2302 2310 2392; baseline 0.004 -22"><span class='ocrx_word' id='word_1_461' title='bbox 1324 2326 1418 2370; x_wconf 89' lang='lat' dir='ltr'><strong>nunc</strong></span> <span class='ocrx_word' id='word_1_462' title='bbox 1439 2302 1578 2392; x_wconf 87' lang='lat' dir='ltr'><strong>accipis.</strong></span> <span class='ocrx_word' id='word_1_463' title='bbox 1631 2302 1737 2373; x_wconf 87' lang='lat' dir='ltr'><strong>Plura</strong></span> <span class='ocrx_word' id='word_1_464' title='bbox 1753 2318 1814 2373; x_wconf 88' lang='lat' dir='ltr'><strong>aut</strong></span> <span class='ocrx_word' id='word_1_465' title='bbox 1828 2305 1996 2390; x_wconf 89' lang='lat' dir='ltr'><strong>certiora,</strong></span> <span class='ocrx_word' id='word_1_466' title='bbox 2023 2306 2221 2374; x_wconf 91' lang='lat' dir='ltr'><strong>doctissime</strong></span> <span class='ocrx_word' id='word_1_467' title='bbox 2241 2307 2310 2390; x_wconf 92' lang='lat' dir='ltr'><strong>vir,</strong></span> 
     </span>
     <span class='ocr_line' id='line_1_72' title="bbox 1322 2400 2308 2498; baseline 0.003 -25"><span class='ocrx_word' id='word_1_468' title='bbox 1322 2407 1365 2473; x_wconf 93' lang='lat' dir='ltr'><strong>de</strong></span> <span class='ocrx_word' id='word_1_469' title='bbox 1384 2400 1449 2471; x_wconf 90' lang='lat' dir='ltr'><strong>boc</strong></span> <span class='ocrx_word' id='word_1_470' title='bbox 1464 2417 1641 2472; x_wconf 87' lang='lat' dir='ltr'><strong>conventu</strong></span> <span class='ocrx_word' id='word_1_471' title='bbox 1657 2428 1718 2494; x_wconf 92' lang='lat' dir='ltr'><strong>ego</strong></span> <span class='ocrx_word' id='word_1_472' title='bbox 1733 2405 1886 2476; x_wconf 92' lang='lat' dir='ltr'><strong>scribere</strong></span> <span class='ocrx_word' id='word_1_473' title='bbox 1901 2430 1972 2474; x_wconf 89' lang='lat' dir='ltr'><strong>uon</strong></span> <span class='ocrx_word' id='word_1_474' title='bbox 1990 2429 2151 2498; x_wconf 84' lang='lat' dir='ltr'><strong>possum3</strong></span> <span class='ocrx_word' id='word_1_475' title='bbox 2177 2409 2207 2475; x_wconf 90' lang='lat' dir='ltr'><strong>si</strong></span> <span class='ocrx_word' id='word_1_476' title='bbox 2223 2430 2308 2476; x_wconf 82' lang='lat' dir='ltr'><strong>vero</strong></span> 
     </span>
     <span class='ocr_line' id='line_1_73' title="bbox 1323 2505 2309 2600; baseline 0.003 -28"><span class='ocrx_word' id='word_1_477' title='bbox 1323 2505 1445 2572; x_wconf 90' lang='lat' dir='ltr'><strong>scirem</strong></span> <span class='ocrx_word' id='word_1_478' title='bbox 1470 2518 1504 2573; x_wconf 91' lang='lat' dir='ltr'><strong>et</strong></span> <span class='ocrx_word' id='word_1_479' title='bbox 1527 2528 1683 2594; x_wconf 90' lang='lat' dir='ltr'><strong>possem,</strong></span> <span class='ocrx_word' id='word_1_480' title='bbox 1717 2531 1858 2576; x_wconf 91' lang='lat' dir='ltr'><strong>omnem</strong></span> <span class='ocrx_word' id='word_1_481' title='bbox 1888 2531 2030 2597; x_wconf 90' lang='lat' dir='ltr'><strong>operam</strong></span> <span class='ocrx_word' id='word_1_482' title='bbox 2055 2521 2088 2577; x_wconf 91' lang='lat' dir='ltr'><strong>et</strong></span> <span class='ocrx_word' id='word_1_483' title='bbox 2114 2509 2309 2600; x_wconf 87' lang='lat' dir='ltr'><strong>impensam</strong></span> 
     </span>
     <span class='ocr_line' id='line_1_74' title="bbox 1323 2605 2311 2699; baseline 0.003 -26"><span class='ocrx_word' id='word_1_484' title='bbox 1323 2605 1552 2673; x_wconf 90' lang='lat' dir='ltr'><strong>libentissime</strong></span> <span class='ocrx_word' id='word_1_485' title='bbox 1577 2607 1827 2697; x_wconf 88' lang='lat' dir='ltr'><strong>impenderem.</strong></span> <span class='ocrx_word' id='word_1_486' title='bbox 1884 2606 1975 2677; x_wconf 87' lang='lat' dir='ltr'><strong>Nam</strong></span> <span class='ocrx_word' id='word_1_487' title='bbox 1997 2621 2031 2677; x_wconf 90' lang='lat' dir='ltr'><strong>et</strong></span> <span class='ocrx_word' id='word_1_488' title='bbox 2053 2631 2117 2697; x_wconf 87' lang='lat' dir='ltr'><strong>ego</strong></span> <span class='ocrx_word' id='word_1_489' title='bbox 2142 2611 2311 2699; x_wconf 90' lang='lat' dir='ltr'><strong>suspicor,</strong></span> 
     </span>
     <span class='ocr_line' id='line_1_75' title="bbox 1323 2703 2311 2800; baseline 0.001 -25"><span class='ocrx_word' id='word_1_490' title='bbox 1323 2708 1413 2775; x_wconf 91' lang='lat' dir='ltr'><strong>sicut</strong></span> <span class='ocrx_word' id='word_1_491' title='bbox 1429 2720 1463 2775; x_wconf 86' lang='lat' dir='ltr'><strong>et</strong></span> <span class='ocrx_word' id='word_1_492' title='bbox 1478 2706 1520 2773; x_wconf 81' lang='lat' dir='ltr'><strong>T.</strong></span> <span class='ocrx_word' id='word_1_493' title='bbox 1537 2703 1578 2778; x_wconf 92' lang='lat' dir='ltr'><strong>E.</strong></span> <span class='ocrx_word' id='word_1_494' title='bbox 1594 2709 1725 2793; x_wconf 89' lang='lat' dir='ltr'><strong>scribit,</strong></span> <span class='ocrx_word' id='word_1_495' title='bbox 1751 2710 1926 2800; x_wconf 87' lang='lat' dir='ltr'><strong>publicam</strong></span> <span class='ocrx_word' id='word_1_496' title='bbox 1943 2734 2015 2778; x_wconf 89' lang='lat' dir='ltr'><strong>rem</strong></span> <span class='ocrx_word' id='word_1_497' title='bbox 2030 2723 2064 2779; x_wconf 90' lang='lat' dir='ltr'><strong>et</strong></span> <span class='ocrx_word' id='word_1_498' title='bbox 2080 2712 2227 2780; x_wconf 91' lang='lat' dir='ltr'><strong>arduam</strong></span> <span class='ocrx_word' id='word_1_499' title='bbox 2242 2711 2311 2799; x_wconf 90' lang='lat' dir='ltr'><strong>agi,</strong></span> 
     </span>
     <span class='ocr_line' id='line_1_76' title="bbox 1324 2806 2312 2901; baseline 0.003 -26"><span class='ocrx_word' id='word_1_500' title='bbox 1324 2809 1613 2901; x_wconf 91' lang='lat' dir='ltr'><strong>quandoquidem</strong></span> <span class='ocrx_word' id='word_1_501' title='bbox 1644 2811 1867 2881; x_wconf 81' lang='lat' dir='ltr'><strong>manifestum</strong></span> <span class='ocrx_word' id='word_1_502' title='bbox 1899 2823 1968 2888; x_wconf 90' lang='lat' dir='ltr'><strong>est,</strong></span> <span class='ocrx_word' id='word_1_503' title='bbox 2001 2806 2183 2900; x_wconf 91' lang='lat' dir='ltr'><strong>theologos</strong></span> <span class='ocrx_word' id='word_1_504' title='bbox 2217 2811 2312 2893; x_wconf 87' lang='lat' dir='ltr'><strong>illos,</strong></span> 
     </span>
     <span class='ocr_line' id='line_1_77' title="bbox 1326 2910 2312 3006; baseline 0.004 -30"><span class='ocrx_word' id='word_1_505' title='bbox 1326 2910 1419 3001; x_wconf 90' lang='lat' dir='ltr'><strong>quod</strong></span> <span class='ocrx_word' id='word_1_506' title='bbox 1437 2933 1519 2998; x_wconf 89' lang='lat' dir='ltr'><strong>paee</strong></span> <span class='ocrx_word' id='word_1_507' title='bbox 1534 2934 1655 2978; x_wconf 89' lang='lat' dir='ltr'><strong>eurum</strong></span> <span class='ocrx_word' id='word_1_508' title='bbox 1672 2913 1770 2995; x_wconf 90' lang='lat' dir='ltr'><strong>dico,</strong></span> <span class='ocrx_word' id='word_1_509' title='bbox 1796 2938 1875 2980; x_wconf 91' lang='lat' dir='ltr'><strong>eum</strong></span> <span class='ocrx_word' id='word_1_510' title='bbox 1893 2911 2010 3002; x_wconf 92' lang='lat' dir='ltr'><strong>impiis</strong></span> <span class='ocrx_word' id='word_1_511' title='bbox 2028 2915 2157 2982; x_wconf 88' lang='lat' dir='ltr'><strong>nostris</strong></span> <span class='ocrx_word' id='word_1_512' title='bbox 2174 2914 2312 3006; x_wconf 89' lang='lat' dir='ltr'><strong>episco-</strong></span> 
     </span>
     <span class='ocr_line' id='line_1_78' title="bbox 1325 3009 2311 3107; baseline 0.005 -30"><span class='ocrx_word' id='word_1_513' title='bbox 1325 3034 1379 3101; x_wconf 85' lang='lat' dir='ltr'><strong>prs</strong></span> <span class='ocrx_word' id='word_1_514' title='bbox 1395 3033 1586 3080; x_wconf 86' lang='lat' dir='ltr'><strong>susurrare.</strong></span> <span class='ocrx_word' id='word_1_515' title='bbox 1636 3009 1725 3080; x_wconf 91' lang='lat' dir='ltr'><strong>Nam</strong></span> <span class='ocrx_word' id='word_1_516' title='bbox 1747 3028 1867 3082; x_wconf 90' lang='lat' dir='ltr'><strong>noster</strong></span> <span class='ocrx_word' id='word_1_517' title='bbox 1883 3013 2178 3103; x_wconf 85' lang='lat' dir='ltr'><strong>precatiunculam</strong></span> <span class='ocrx_word' id='word_1_518' title='bbox 2196 3038 2311 3107; x_wconf 89' lang='lat' dir='ltr'><strong>quan-</strong></span> 
     </span>
     <span class='ocr_line' id='line_1_79' title="bbox 1325 3112 2311 3205; baseline 0.004 -25"><span class='ocrx_word' id='word_1_519' title='bbox 1325 3115 1405 3180; x_wconf 91' lang='lat' dir='ltr'><strong>dam</strong></span> <span class='ocrx_word' id='word_1_520' title='bbox 1424 3112 1677 3201; x_wconf 88' lang='lat' dir='ltr'><strong>conscripserat</strong></span> <span class='ocrx_word' id='word_1_521' title='bbox 1694 3139 1712 3182; x_wconf 90' lang='lat' dir='ltr'><strong>e</strong></span> <span class='ocrx_word' id='word_1_522' title='bbox 1727 3128 1890 3205; x_wconf 88' lang='lat' dir='ltr'><strong>suggestu</strong></span> <span class='ocrx_word' id='word_1_523' title='bbox 1906 3115 1943 3182; x_wconf 92' lang='lat' dir='ltr'><strong>in</strong></span> <span class='ocrx_word' id='word_1_524' title='bbox 1956 3116 2063 3184; x_wconf 89' lang='lat' dir='ltr'><strong>sacris</strong></span> <span class='ocrx_word' id='word_1_525' title='bbox 2079 3117 2311 3184; x_wconf 91' lang='lat' dir='ltr'><strong>concionibus</strong></span> 
     </span>
     <span class='ocr_line' id='line_1_80' title="bbox 1326 3213 2313 3309; baseline 0.002 -28"><span class='ocrx_word' id='word_1_526' title='bbox 1326 3213 1456 3303; x_wconf 94' lang='lat' dir='ltr'><strong>populo</strong></span> <span class='ocrx_word' id='word_1_527' title='bbox 1473 3213 1749 3301; x_wconf 88' lang='lat' dir='ltr'><strong>praelegendam,</strong></span> <span class='ocrx_word' id='word_1_528' title='bbox 1775 3217 1811 3284; x_wconf 91' lang='lat' dir='ltr'><strong>in</strong></span> <span class='ocrx_word' id='word_1_529' title='bbox 1829 3241 1897 3309; x_wconf 89' lang='lat' dir='ltr'><strong>qua</strong></span> <span class='ocrx_word' id='word_1_530' title='bbox 1913 3217 2077 3306; x_wconf 90' lang='lat' dir='ltr'><strong>speciosis</strong></span> <span class='ocrx_word' id='word_1_531' title='bbox 2092 3217 2207 3283; x_wconf 87' lang='lat' dir='ltr'><strong>verbis</strong></span> <span class='ocrx_word' id='word_1_532' title='bbox 2223 3241 2313 3283; x_wconf 91' lang='lat' dir='ltr'><strong>con-</strong></span> 
     </span>
     <span class='ocr_line' id='line_1_81' title="bbox 1325 3312 2314 3410; baseline 0.001 -28"><span class='ocrx_word' id='word_1_533' title='bbox 1325 3314 1481 3382; x_wconf 89' lang='lat' dir='ltr'><strong>cordiam</strong></span> <span class='ocrx_word' id='word_1_534' title='bbox 1497 3337 1535 3381; x_wconf 87' lang='lat' dir='ltr'><strong>ac</strong></span> <span class='ocrx_word' id='word_1_535' title='bbox 1551 3339 1669 3403; x_wconf 86' lang='lat' dir='ltr'><strong>pacem</strong></span> <span class='ocrx_word' id='word_1_536' title='bbox 1684 3312 1919 3385; x_wconf 89' lang='lat' dir='ltr'><strong>Ecclesiarum</strong></span> <span class='ocrx_word' id='word_1_537' title='bbox 1936 3318 2029 3410; x_wconf 87' lang='lat' dir='ltr'><strong>petit.</strong></span> <span class='ocrx_word' id='word_1_538' title='bbox 2062 3315 2161 3384; x_wconf 82' lang='lat' dir='ltr'><strong>Hanc</strong></span> <span class='ocrx_word' id='word_1_539' title='bbox 2176 3320 2314 3383; x_wconf 88' lang='lat' dir='ltr'><strong>nostris</strong></span> 
     </span>
     <span class='ocr_line' id='line_1_82' title="bbox 1325 3414 2312 3497; baseline 0.002 -16"><span class='ocrx_word' id='word_1_540' title='bbox 1325 3415 1496 3483; x_wconf 88' lang='lat' dir='ltr'><strong>ministris</strong></span> <span class='ocrx_word' id='word_1_541' title='bbox 1512 3415 1701 3484; x_wconf 87' lang='lat' dir='ltr'><strong>obtrudere</strong></span> <span class='ocrx_word' id='word_1_542' title='bbox 1716 3431 1750 3485; x_wconf 92' lang='lat' dir='ltr'><strong>et</strong></span> <span class='ocrx_word' id='word_1_543' title='bbox 1765 3414 1942 3487; x_wconf 82' lang='lat' dir='ltr'><strong>Ecclesiae</strong></span> <span class='ocrx_word' id='word_1_544' title='bbox 1956 3419 2133 3487; x_wconf 87' lang='lat' dir='ltr'><strong>intrudere</strong></span> <span class='ocrx_word' id='word_1_545' title='bbox 2151 3417 2312 3497; x_wconf 50' lang='lat' dir='ltr'><strong>vislebats</strong></span> 
     </span>
     <span class='ocr_line' id='line_1_83' title="bbox 1327 3510 2316 3609; baseline 0 -25"><span class='ocrx_word' id='word_1_546' title='bbox 1327 3529 1360 3584; x_wconf 88' lang='lat' dir='ltr'><strong>et</strong></span> <span class='ocrx_word' id='word_1_547' title='bbox 1383 3510 1497 3583; x_wconf 90' lang='lat' dir='ltr'><strong>adhuc</strong></span> <span class='ocrx_word' id='word_1_548' title='bbox 1519 3517 1704 3598; x_wconf 88' lang='lat' dir='ltr'><strong>resistunt,</strong></span> <span class='ocrx_word' id='word_1_549' title='bbox 1731 3523 1825 3609; x_wconf 91' lang='lat' dir='ltr'><strong>qnod</strong></span> <span class='ocrx_word' id='word_1_550' title='bbox 1844 3532 1960 3588; x_wconf 82' lang='lat' dir='ltr'><strong>tamen</strong></span> <span class='ocrx_word' id='word_1_551' title='bbox 1978 3520 2117 3608; x_wconf 88' lang='lat' dir='ltr'><strong>vulpem</strong></span> <span class='ocrx_word' id='word_1_552' title='bbox 2149 3531 2316 3585; x_wconf 89' lang='lat' dir='ltr'><strong>nostrum</strong></span> 
     </span>
     <span class='ocr_line' id='line_1_84' title="bbox 1328 3613 2314 3706; baseline 0.003 -23"><span class='ocrx_word' id='word_1_553' title='bbox 1328 3617 1476 3706; x_wconf 88' lang='lat' dir='ltr'><strong>pessime</strong></span> <span class='ocrx_word' id='word_1_554' title='bbox 1499 3613 1620 3700; x_wconf 88' lang='lat' dir='ltr'><strong>babet,</strong></span> <span class='ocrx_word' id='word_1_555' title='bbox 1652 3618 1823 3687; x_wconf 88' lang='lat' dir='ltr'><strong>ultionem</strong></span> <span class='ocrx_word' id='word_1_556' title='bbox 1846 3635 1961 3689; x_wconf 69' lang='lat' dir='ltr'><strong>tamen</strong></span> <span class='ocrx_word' id='word_1_557' title='bbox 1986 3621 2106 3690; x_wconf 81' lang='lat' dir='ltr'><strong>differt</strong></span> <span class='ocrx_word' id='word_1_558' title='bbox 2121 3620 2158 3686; x_wconf 92' lang='lat' dir='ltr'><strong>in</strong></span> <span class='ocrx_word' id='word_1_559' title='bbox 2175 3634 2314 3706; x_wconf 85' lang='lat' dir='ltr'><strong>tempus</strong></span> 
     </span>
     <span class='ocr_line' id='line_1_85' title="bbox 1327 3714 2313 3811; baseline 0.001 -25"><span class='ocrx_word' id='word_1_560' title='bbox 1327 3717 1556 3786; x_wconf 91' lang='lat' dir='ltr'><strong>commodius.</strong></span> <span class='ocrx_word' id='word_1_561' title='bbox 1594 3715 1647 3787; x_wconf 89' lang='lat' dir='ltr'><strong>De</strong></span> <span class='ocrx_word' id='word_1_562' title='bbox 1661 3714 1726 3789; x_wconf 86' lang='lat' dir='ltr'><strong>hac</strong></span> <span class='ocrx_word' id='word_1_563' title='bbox 1740 3721 1899 3791; x_wconf 83' lang='lat' dir='ltr'><strong>oratioue</strong></span> <span class='ocrx_word' id='word_1_564' title='bbox 1914 3738 2031 3811; x_wconf 91' lang='lat' dir='ltr'><strong>pastor</strong></span> <span class='ocrx_word' id='word_1_565' title='bbox 2049 3737 2168 3790; x_wconf 91' lang='lat' dir='ltr'><strong>noster</strong></span> <span class='ocrx_word' id='word_1_566' title='bbox 2185 3734 2218 3790; x_wconf 91' lang='lat' dir='ltr'><strong>et</strong></span> <span class='ocrx_word' id='word_1_567' title='bbox 2235 3720 2313 3787; x_wconf 87' lang='lat' dir='ltr'><strong>dia-</strong></span> 
     </span>
     <span class='ocr_line' id='line_1_86' title="bbox 1326 3818 2312 3916; baseline 0.001 -29"><span class='ocrx_word' id='word_1_568' title='bbox 1326 3818 1407 3887; x_wconf 93' lang='lat' dir='ltr'><strong>coni</strong></span> <span class='ocrx_word' id='word_1_569' title='bbox 1421 3820 1675 3889; x_wconf 88' lang='lat' dir='ltr'><strong>eonsulneruut</strong></span> <span class='ocrx_word' id='word_1_570' title='bbox 1690 3847 1749 3907; x_wconf 89' lang='lat' dir='ltr'><strong>eo,</strong></span> <span class='ocrx_word' id='word_1_571' title='bbox 1775 3827 1871 3916; x_wconf 92' lang='lat' dir='ltr'><strong>quod</strong></span> <span class='ocrx_word' id='word_1_572' title='bbox 1886 3823 2038 3914; x_wconf 85' lang='lat' dir='ltr'><strong>speciosa</strong></span> <span class='ocrx_word' id='word_1_573' title='bbox 2055 3838 2088 3892; x_wconf 90' lang='lat' dir='ltr'><strong>et</strong></span> <span class='ocrx_word' id='word_1_574' title='bbox 2107 3825 2200 3890; x_wconf 87' lang='lat' dir='ltr'><strong>bona</strong></span> <span class='ocrx_word' id='word_1_575' title='bbox 2223 3830 2312 3889; x_wconf 90' lang='lat' dir='ltr'><strong>esset</strong></span> 
     </span>
     <span class='ocr_line' id='line_1_87' title="bbox 1327 3920 2313 4014; baseline 0.004 -28"><span class='ocrx_word' id='word_1_576' title='bbox 1327 3943 1366 3987; x_wconf 88' lang='lat' dir='ltr'><strong>ac</strong></span> <span class='ocrx_word' id='word_1_577' title='bbox 1380 3920 1468 3987; x_wconf 92' lang='lat' dir='ltr'><strong>bene</strong></span> <span class='ocrx_word' id='word_1_578' title='bbox 1483 3920 1708 4012; x_wconf 87' lang='lat' dir='ltr'><strong>interpretari</strong></span> <span class='ocrx_word' id='word_1_579' title='bbox 1723 3940 1856 4014; x_wconf 88' lang='lat' dir='ltr'><strong>posset,</strong></span> <span class='ocrx_word' id='word_1_580' title='bbox 1883 3949 1957 3992; x_wconf 86' lang='lat' dir='ltr'><strong>eam</strong></span> <span class='ocrx_word' id='word_1_581' title='bbox 1976 3922 2083 4013; x_wconf 90' lang='lat' dir='ltr'><strong>recipi</strong></span> <span class='ocrx_word' id='word_1_582' title='bbox 2106 3948 2146 3991; x_wconf 91' lang='lat' dir='ltr'><strong>ac</strong></span> <span class='ocrx_word' id='word_1_583' title='bbox 2166 3922 2236 4012; x_wconf 89' lang='lat' dir='ltr'><strong>legi</strong></span> <span class='ocrx_word' id='word_1_584' title='bbox 2252 3923 2313 3990; x_wconf 89' lang='lat' dir='ltr'><strong>de·</strong></span> 
     </span>
     <span class='ocr_line' id='line_1_88' title="bbox 1328 4020 2311 4112; baseline 0.002 -24"><span class='ocrx_word' id='word_1_585' title='bbox 1328 4021 1428 4099; x_wconf 88' lang='lat' dir='ltr'><strong>bere,</strong></span> <span class='ocrx_word' id='word_1_586' title='bbox 1454 4023 1549 4112; x_wconf 90' lang='lat' dir='ltr'><strong>quod</strong></span> <span class='ocrx_word' id='word_1_587' title='bbox 1565 4037 1700 4105; x_wconf 87' lang='lat' dir='ltr'><strong>tamen,</strong></span> <span class='ocrx_word' id='word_1_588' title='bbox 1724 4026 1835 4112; x_wconf 85' lang='lat' dir='ltr'><strong>gratia</strong></span> <span class='ocrx_word' id='word_1_589' title='bbox 1852 4026 1895 4093; x_wconf 91' lang='lat' dir='ltr'><strong>sit</strong></span> <span class='ocrx_word' id='word_1_590' title='bbox 1910 4020 2073 4107; x_wconf 86' lang='lat' dir='ltr'><strong>Christo,</strong></span> <span class='ocrx_word' id='word_1_591' title='bbox 2095 4025 2209 4095; x_wconf 87' lang='lat' dir='ltr'><strong>nostri</strong></span> <span class='ocrx_word' id='word_1_592' title='bbox 2224 4046 2311 4092; x_wconf 89' lang='lat' dir='ltr'><strong>con-</strong></span> 
     </span>
     <span class='ocr_line' id='line_1_89' title="bbox 1327 4122 2314 4217; baseline 0.001 -28"><span class='ocrx_word' id='word_1_593' title='bbox 1327 4133 1458 4190; x_wconf 87' lang='lat' dir='ltr'><strong>stanter</strong></span> <span class='ocrx_word' id='word_1_594' title='bbox 1473 4136 1678 4196; x_wconf 77' lang='lat' dir='ltr'><strong>senuerunt.</strong></span> <span class='ocrx_word' id='word_1_595' title='bbox 1731 4125 1817 4194; x_wconf 93' lang='lat' dir='ltr'><strong>lnde</strong></span> <span class='ocrx_word' id='word_1_596' title='bbox 1834 4125 1959 4195; x_wconf 89' lang='lat' dir='ltr'><strong>coniici</strong></span> <span class='ocrx_word' id='word_1_597' title='bbox 1975 4139 2107 4214; x_wconf 88' lang='lat' dir='ltr'><strong>potest,</strong></span> <span class='ocrx_word' id='word_1_598' title='bbox 2134 4124 2221 4217; x_wconf 91' lang='lat' dir='ltr'><strong>quid</strong></span> <span class='ocrx_word' id='word_1_599' title='bbox 2238 4122 2314 4215; x_wconf 88' lang='lat' dir='ltr'><strong>spei</strong></span> 
     </span>
     <span class='ocr_line' id='line_1_90' title="bbox 1327 4220 2314 4297; baseline -0.001 -6"><span class='ocrx_word' id='word_1_600' title='bbox 1327 4223 1372 4292; x_wconf 91' lang='lat' dir='ltr'><strong>sit</strong></span> <span class='ocrx_word' id='word_1_601' title='bbox 1395 4223 1531 4291; x_wconf 87' lang='lat' dir='ltr'><strong>miseris</strong></span> <span class='ocrx_word' id='word_1_602' title='bbox 1546 4220 1711 4293; x_wconf 87' lang='lat' dir='ltr'><strong>Ecclesiis</strong></span> <span class='ocrx_word' id='word_1_603' title='bbox 1726 4223 1858 4297; x_wconf 86' lang='lat' dir='ltr'><strong>Christi</strong></span> <span class='ocrx_word' id='word_1_604' title='bbox 1882 4228 1919 4295; x_wconf 93' lang='lat' dir='ltr'><strong>in</strong></span> <span class='ocrx_word' id='word_1_605' title='bbox 1944 4226 2015 4295; x_wconf 86' lang='lat' dir='ltr'><strong>illis</strong></span> <span class='ocrx_word' id='word_1_606' title='bbox 2028 4226 2243 4296; x_wconf 90' lang='lat' dir='ltr'><strong>doctissimis</strong></span> <span class='ocrx_word' id='word_1_607' title='bbox 2258 4225 2314 4291; x_wconf 88' lang='lat' dir='ltr'><strong>vi-</strong></span> 
     </span>
     <span class='ocr_line' id='line_1_91' title="bbox 1328 4322 2316 4423; baseline 0.001 -31"><span class='ocrx_word' id='word_1_608' title='bbox 1328 4323 1388 4394; x_wconf 89' lang='lat' dir='ltr'><strong>ris.</strong></span> <span class='ocrx_word' id='word_1_609' title='bbox 1441 4322 1510 4394; x_wconf 91' lang='lat' dir='ltr'><strong>Sed</strong></span> <span class='ocrx_word' id='word_1_610' title='bbox 1534 4327 1736 4396; x_wconf 89' lang='lat' dir='ltr'><strong>consolatur</strong></span> <span class='ocrx_word' id='word_1_611' title='bbox 1764 4352 1829 4399; x_wconf 93' lang='lat' dir='ltr'><strong>nos</strong></span> <span class='ocrx_word' id='word_1_612' title='bbox 1853 4330 1949 4423; x_wconf 92' lang='lat' dir='ltr'><strong>quod</strong></span> <span class='ocrx_word' id='word_1_613' title='bbox 1973 4328 2233 4419; x_wconf 87' lang='lat' dir='ltr'><strong>scriptumest:</strong></span> <span class='ocrx_word' id='word_1_614' title='bbox 2268 4346 2316 4394; x_wconf 80' lang='lat' dir='ltr'><strong>ex</strong></span> 
     </span>
     <span class='ocr_line' id='line_1_92' title="bbox 1329 4423 1687 4522; baseline 0.028 -31"><span class='ocrx_word' id='word_1_615' title='bbox 1329 4448 1387 4492; x_wconf 86' lang='lat' dir='ltr'><strong>ore</strong></span> <span class='ocrx_word' id='word_1_616' title='bbox 1401 4423 1606 4522; x_wconf 82' lang='lat' dir='ltr'><strong>insontium</strong></span> <span class='ocrx_word' id='word_1_617' title='bbox 1623 4444 1687 4503; x_wconf 90' lang='lat' dir='ltr'><strong>etc.</strong></span> 
     </span>
    </p>
   </div>
   <div class='ocr_carea' id='block_1_19' title="bbox 1328 4621 2316 5226">
    <p class='ocr_par' dir='ltr' id='par_1_20' title="bbox 1328 4621 2316 5226">
     <span class='ocr_line' id='line_1_93' title="bbox 1430 4621 2313 4716; baseline 0.001 -22"><span class='ocrx_word' id='word_1_618' title='bbox 1430 4621 1485 4694; x_wconf 81' lang='lat' dir='ltr'><strong>Ex</strong></span> <span class='ocrx_word' id='word_1_619' title='bbox 1509 4622 1565 4695; x_wconf 86' lang='lat' dir='ltr'><strong>his</strong></span> <span class='ocrx_word' id='word_1_620' title='bbox 1594 4627 1732 4716; x_wconf 90' lang='lat' dir='ltr'><strong>paucis,</strong></span> <span class='ocrx_word' id='word_1_621' title='bbox 1767 4628 1824 4695; x_wconf 87' lang='lat' dir='ltr'><strong>vir</strong></span> <span class='ocrx_word' id='word_1_622' title='bbox 1846 4626 2072 4711; x_wconf 85' lang='lat' dir='ltr'><strong>amicissime,</strong></span> <span class='ocrx_word' id='word_1_623' title='bbox 2104 4649 2313 4715; x_wconf 88' lang='lat' dir='ltr'><strong>cognoscere</strong></span> 
     </span>
     <span class='ocr_line' id='line_1_94' title="bbox 1330 4724 2312 4818; baseline -0.004 -22"><span class='ocrx_word' id='word_1_624' title='bbox 1330 4740 1442 4818; x_wconf 89' lang='lat' dir='ltr'><strong>potes,</strong></span> <span class='ocrx_word' id='word_1_625' title='bbox 1466 4727 1546 4818; x_wconf 90' lang='lat' dir='ltr'><strong>quis</strong></span> <span class='ocrx_word' id='word_1_626' title='bbox 1563 4729 1607 4796; x_wconf 90' lang='lat' dir='ltr'><strong>sit</strong></span> <span class='ocrx_word' id='word_1_627' title='bbox 1622 4742 1730 4795; x_wconf 88' lang='lat' dir='ltr'><strong>status</strong></span> <span class='ocrx_word' id='word_1_628' title='bbox 1747 4724 1924 4797; x_wconf 88' lang='lat' dir='ltr'><strong>Ecclesiae</strong></span> <span class='ocrx_word' id='word_1_629' title='bbox 1941 4744 2091 4799; x_wconf 82' lang='lat' dir='ltr'><strong>nostrae.</strong></span> <span class='ocrx_word' id='word_1_630' title='bbox 2109 4726 2205 4809; x_wconf 46' lang='lat' dir='ltr'><strong>,Sub</strong></span> <span class='ocrx_word' id='word_1_631' title='bbox 2220 4728 2312 4813; x_wconf 89' lang='lat' dir='ltr'><strong>lupis</strong></span> 
     </span>
     <span class='ocr_line' id='line_1_95' title="bbox 1331 4822 2315 4919; baseline -0.004 -22"><span class='ocrx_word' id='word_1_632' title='bbox 1331 4854 1393 4918; x_wconf 93' lang='lat' dir='ltr'><strong>pro</strong></span> <span class='ocrx_word' id='word_1_633' title='bbox 1418 4830 1615 4917; x_wconf 89' lang='lat' dir='ltr'><strong>pastoribus</strong></span> <span class='ocrx_word' id='word_1_634' title='bbox 1644 4853 1678 4897; x_wconf 93' lang='lat' dir='ltr'><strong>se</strong></span> <span class='ocrx_word' id='word_1_635' title='bbox 1705 4832 1962 4900; x_wconf 87' lang='lat' dir='ltr'><strong>ostentantibus</strong></span> <span class='ocrx_word' id='word_1_636' title='bbox 1985 4829 2155 4919; x_wconf 85' lang='lat' dir='ltr'><strong>degimus.</strong></span> <span class='ocrx_word' id='word_1_637' title='bbox 2205 4822 2315 4895; x_wconf 88' lang='lat' dir='ltr'><strong>Chri-</strong></span> 
     </span>
     <span class='ocr_line' id='line_1_96' title="bbox 1330 4930 2316 5015; baseline -0.001 -18"><span class='ocrx_word' id='word_1_638' title='bbox 1330 4943 1402 4998; x_wconf 91' lang='lat' dir='ltr'><strong>stus</strong></span> <span class='ocrx_word' id='word_1_639' title='bbox 1428 4930 1537 5012; x_wconf 88' lang='lat' dir='ltr'><strong>lesus,</strong></span> <span class='ocrx_word' id='word_1_640' title='bbox 1571 4931 1640 4999; x_wconf 91' lang='lat' dir='ltr'><strong>Dei</strong></span> <span class='ocrx_word' id='word_1_641' title='bbox 1664 4931 1778 5015; x_wconf 87' lang='lat' dir='ltr'><strong>filius,</strong></span> <span class='ocrx_word' id='word_1_642' title='bbox 1813 4932 1979 5000; x_wconf 91' lang='lat' dir='ltr'><strong>dominus</strong></span> <span class='ocrx_word' id='word_1_643' title='bbox 2002 4945 2037 5001; x_wconf 92' lang='lat' dir='ltr'><strong>et</strong></span> <span class='ocrx_word' id='word_1_644' title='bbox 2058 4931 2164 4998; x_wconf 85' lang='lat' dir='ltr'><strong>irater</strong></span> <span class='ocrx_word' id='word_1_645' title='bbox 2191 4939 2316 4996; x_wconf 83' lang='lat' dir='ltr'><strong>noster</strong></span> 
     </span>
     <span class='ocr_line' id='line_1_97' title="bbox 1328 5031 2316 5116; baseline -0.001 -16"><span class='ocrx_word' id='word_1_646' title='bbox 1328 5031 1574 5101; x_wconf 90' lang='lat' dir='ltr'><strong>dilectissimus</strong></span> <span class='ocrx_word' id='word_1_647' title='bbox 1597 5033 1801 5101; x_wconf 87' lang='lat' dir='ltr'><strong>misereatur</strong></span> <span class='ocrx_word' id='word_1_648' title='bbox 1823 5035 1953 5116; x_wconf 93' lang='lat' dir='ltr'><strong>nostri,</strong></span> <span class='ocrx_word' id='word_1_649' title='bbox 1988 5045 2022 5103; x_wconf 90' lang='lat' dir='ltr'><strong>et</strong></span> <span class='ocrx_word' id='word_1_650' title='bbox 2044 5041 2226 5102; x_wconf 85' lang='lat' dir='ltr'><strong>conservet</strong></span> <span class='ocrx_word' id='word_1_651' title='bbox 2249 5052 2316 5100; x_wconf 92' lang='lat' dir='ltr'><strong>nos</strong></span> 
     </span>
     <span class='ocr_line' id='line_1_98' title="bbox 1329 5128 2101 5226; baseline 0.003 -26"><span class='ocrx_word' id='word_1_652' title='bbox 1329 5133 1367 5202; x_wconf 90' lang='lat' dir='ltr'><strong>in</strong></span> <span class='ocrx_word' id='word_1_653' title='bbox 1384 5157 1472 5224; x_wconf 90' lang='lat' dir='ltr'><strong>pura</strong></span> <span class='ocrx_word' id='word_1_654' title='bbox 1489 5130 1676 5226; x_wconf 88' lang='lat' dir='ltr'><strong>Evangelii</strong></span> <span class='ocrx_word' id='word_1_655' title='bbox 1696 5131 1874 5218; x_wconf 87' lang='lat' dir='ltr'><strong>doctrina,</strong></span> <span class='ocrx_word' id='word_1_656' title='bbox 1900 5128 2027 5208; x_wconf 89' lang='lat' dir='ltr'><strong>Amen.</strong></span> <span class='ocrx_word' id='word_1_657' title='bbox 2096 5212 2101 5218; x_wconf 49' lang='grc'><strong>,</strong></span> 
     </span>
    </p>
   </div>
   <div class='ocr_carea' id='block_1_20' title="bbox 0 0 2408 6020">
    <p class='ocr_par' dir='ltr' id='par_1_21' title="bbox 0 0 2408 6020">
     <span class='ocr_line' id='line_1_99' title="bbox 0 0 2408 6020; baseline 0 0"><span class='ocrx_word' id='word_1_658' title='bbox 0 0 2408 6020; x_wconf 95' lang='lat' dir='ltr'><strong> </strong></span> 
     </span>
    </p>
   </div>
  </div>
 </body>
</html>
