4776 6024
172 248 250 329 866

177 435 275 502 tum,
301 409 465 499 iudiciis,
496 414 545 487 ita
562 430 602 490 ut
616 412 754 508 placide
768 416 858 488 alius
875 417 984 489 alium
997 429 1169 502 moneret,

173 520 238 594 sed
253 529 409 590 certatur
424 512 592 586 horribili
607 518 808 588 animorum
824 520 1025 593 acerbitate.
1070 517 1167 590 Haec

176 620 348 708 acerbitas
364 629 457 690 certe
473 617 697 710 reprimenda
724 631 810 688 esset
827 632 862 690 et
882 620 1049 689 audiendi
1072 621 1169 692 iudi·

176 743 235 796 ω
247 718 300 814 pil
313 732 349 790 et
360 717 503 789 eruditi.
554 715 674 790 Habet
692 716 849 791 Ecclesia
870 718 1099 793 slesvicensis
1111 721 1168 790 vi-

175 823 294 896 cinam
329 815 524 891 Ecclesiam
555 811 880 910 Hamburgensem,
915 822 955 892 in
986 845 1056 917 qua
1085 835 1166 893 sunt

175 920 339 997 Pastores
352 919 404 1013 pii
422 933 455 991 et
472 921 816 1011 praeclare-eruditi,
848 923 956 1016 etqui
975 925 1169 1014 prudenter

177 1025 356 1107 iudicant,
388 1023 432 1090 ad
459 1015 588 1091 horum
619 1021 789 1092 iudicium
819 1025 1095 1095 controversiam
1124 1027 1170 1094 de

178 1124 428 1199 iustificatione
449 1123 579 1193 deferri
605 1124 750 1208 vellem,
788 1136 823 1195 et
843 1125 911 1215 piis
940 1126 1082 1197 iudiciis
1111 1149 1167 1195 ac·

178 1227 433 1322 quaerendum
465 1237 527 1295 est.
586 1219 659 1292 Nos
674 1236 766 1293 “non
791 1226 841 1295 sic
859 1225 1058 1318 loquimur:
1098 1243 1169 1299 tres

176 1341 264 1400 sunt
283 1328 417 1397 formae
442 1323 716 1411 iustificationis3
752 1328 813 1396 sed
843 1326 1009 1398 dicimus:
1050 1352 1168 1399 coram

175 1425 255 1502 Deo
278 1443 330 1499 est
349 1424 453 1497 unica
474 1424 696 1511 iustificatio,
731 1450 821 1519 quae
844 1440 895 1497 est
916 1429 1169 1513 reconciliatio,

176 1554 240 1603 seu
261 1527 421 1600 remissio
444 1539 688 1615 peccatorum,
721 1541 757 1599 et
778 1530 988 1619 acceptatio,
1022 1553 1169 1624 quaper

177 1627 486 1720 fidemactipimus
511 1627 752 1698 remissionem
769 1645 1010 1719 peccatorum,
1043 1656 1169 1702 recon-

178 1731 394 1802 ciliationem
432 1751 495 1797 seu
525 1729 819 1820 acceptationem,
857 1730 1081 1802 vivificamur
1107 1753 1170 1823 per

176 1832 289 1902 filium
309 1832 441 1901 donato
463 1830 608 1918 spriritu
633 1845 766 1900 sancto.
828 1827 951 1900 Postea
977 1833 1117 1903 novitas
1135 1845 1169 1902 et

175 1934 271 2005 hona
289 1953 396 2022 opera
421 1930 593 2000 interiora
617 1945 650 1999 et
670 1931 841 2000 exteriora
858 1945 942 2002 sunt
956 1933 1099 2004 effectus
1113 1956 1169 2001 se-
1187 2000 1189 2006 .

176 2046 325 2130 quentcs
338 2030 463 2110 iidem,
496 2045 660 2100 movente
677 2034 781 2101 corda
796 2031 922 2125 spiritu
938 2046 1072 2107 sancto.
1121 2028 1170 2103 Et

177 2134 358 2230 quomodo
387 2144 508 2223 postea
534 2125 572 2200 hi
602 2132 737 2202 fructus
762 2132 994 2204 nominentur
1023 2133 1169 2217 iustitia,

180 2236 399 2307 declaramus
423 2231 596 2302 indicto:
631 2233 699 2326 'qui
720 2233 805 2303 lacit
833 2233 1025 2321 iustitiam,
1057 2234 1169 2305 iustus

177 2350 241 2411 est.
290 2333 469 2406 Dicuntur
486 2332 621 2405 institia
643 2358 716 2405 nou
741 2336 837 2428 quod
857 2356 1043 2424 personam
1059 2335 1176 2425 signi-¹

173 2437 302 2517 bunc.
333 2435 393 2504 scd
405 2435 504 2528 qnod
521 2435 594 2506 sint
607 2435 742 2506 fructus
756 2437 932 2527 placentes
945 2436 1021 2508 Deo
1034 2437 1073 2507 in
1088 2460 1171 2528 per·

177 2561 266 2611 sona
294 2534 490 2610 iustificata.
554 2533 603 2608 Et
626 2539 805 2629 quomodo
825 2538 995 2631 loquatur
1021 2535 1169 2609 lacobus

178 2640 264 2712 satis
278 2698 280 2702 Α
296 2638 481 2732 perspicue
509 2635 549 2707 in
585 2635 706 2708 Gram.
740 2639 952 2710 declaratur.
1017 2635 1086 2726 At,
1123 2662 1170 2708 ne

178 2752 373 2832 augeantur
389 2738 535 2807 dissidia
558 2754 592 2811 et
609 2739 725 2824 rixae,
757 2741 860 2811 valde
883 2764 964 2825 oro,
996 2752 1037 2812 ut
1051 2740 1169 2811 utriu-

179 2866 248 2936 que
263 2839 435 2913 iudicium
449 2839 729 2929 Hamhurgensis
746 2842 803 2910 vel
824 2840 1030 2912 Hainiensis
1046 2839 1170 2913 Eccle-

179 2944 253 3013 siae
274 2944 331 3013 vel
350 2940 461 3033 ipsius
482 2939 606 3036 inclyti
629 2942 720 3033 regis
741 2944 916 3015 audiatur.
975 2942 1058 3014 Non
1074 2945 1169 3013 enim

178 3036 322 3129 dubito,
348 3043 449 3135 pium
466 3065 674 3113 consensum
692 3067 765 3115 esse
781 3045 820 3114 in¹
837 3045 1004 3116 omnibus
1018 3043 1170 3117 Saxoni-

180 3147 230 3214 cis
243 3158 278 3216 et
291 3142 435 3216 Danicis
445 3138 632 3228 Ecclesiis,
666 3171 771 3240 quem
787 3162 879 3219 certe
892 3148 1030 3218 turbari
1044 3147 1169 3221 nolim.

180 3242 230 3318 Et
243 3270 333 3343 quae
347 3246 481 3318 formae
498 3246 668 3341 loquendi
685 3263 776 3320 recte
790 3264 1024 3339 usurpentur,
1050 3263 1170 3320 osten-

181 3351 272 3421 dunt
295 3349 380 3421 libri
407 3342 586 3419 Ecclesiae
615 3346 906 3440 Hamburgensis.
958 3349 1015 3423 Sit
1042 3350 1171 3421 modus

179 3451 414 3521 subtilitatum
439 3462 472 3519 et
498 3450 704 3520 consulatur
722 3450 827 3520 saluti
850 3451 1074 3536 auditorum,
1107 3448 1170 3542 qui

180 3553 389 3643 turbantur,
416 3571 495 3616 cum
513 3549 665 3619 andiunt
678 3551 804 3619 modos
819 3548 991 3643 loquendi
1008 3551 1172 3620 dissonos

179 3664 215 3721 et
233 3649 429 3738 ambiguos.
479 3644 579 3737 Quid
594 3662 707 3738 potest
721 3648 868 3744 aequius
882 3649 973 3741 peti,
1006 3673 1113 3744 quam
1130 3659 1173 3718 ut

181 3749 232 3842 pii
249 3762 282 3819 et
296 3748 389 3819 docti
404 3747 537 3818 iudices
553 3749 764 3836 audiantur,
789 3750 910 3844 quales
923 3751 1056 3822 suntin
1070 3771 1173 3842 prac-

182 3851 295 3942 cipuis
324 3846 492 3920 Ecclesiis
524 3848 696 3922 Saxoniae
718 3865 753 3923 et
776 3850 933 3933 Daniae,
963 3864 998 3923 et
1030 3851 1172 3946 qualem

181 3975 256 4022 esse
270 3955 386 4045 ipsum
402 3973 517 4040 regem
535 3948 689 4038 Daniae,
720 3952 783 4047 qui
798 3953 901 4024 toties
918 3953 1027 4026 sensit
1043 3974 1172 4045 agones

180 4056 324 4140 mortis,
355 4078 430 4125 non
444 4054 582 4124 dubito.
632 4052 676 4126 ln
692 4055 765 4126 illis
783 4052 869 4146 ipsis
882 4055 1055 4145 agonibus
1074 4053 1170 4125 didi-

182 4155 242 4240 cit,
265 4144 374 4226 uriam
385 4179 457 4226 esse
471 4151 755 4229 iustificationem
768 4178 888 4227 coram
898 4153 975 4226 Deo
987 4180 1051 4249 per
1060 4156 1172 4226 solam

182 4257 290 4326 isdem
317 4272 462 4349 propter
492 4257 625 4344 hlium,
661 4261 708 4330 de
739 4281 811 4352 quo
833 4255 966 4329 Paulus
995 4258 1172 4351 loquitur:

182 4357 361 4431 iustificati
377 4359 463 4442 lide,
494 4381 615 4448 pacem
631 4371 696 4432 etc.
745 4357 864 4430 Multa
886 4359 1086 4452 disputant,
1115 4358 1174 4427 in-

181 4460 349 4544 volvunt,
372 4459 598 4530 confundunt
612 4453 777 4530 homines
790 4460 915 4533 securi.
967 4457 1174 4530 lntueamur

181 4560 304 4652 potins
318 4561 482 4631 exercitia
497 4561 734 4652 poenitentiae
759 4574 794 4632 et
812 4560 1080 4634 consolationes.
1131 4554 1173 4627 In

181 4655 239 4731 his
252 4661 304 4752 pii
320 4662 548 4748 erudiantur,
580 4663 671 4735 sicut
693 4684 795 4752 saepe
810 4672 959 4731 monent
981 4661 1073 4732 dicta
1090 4682 1173 4751 pro·

185 4757 336 4853 phetica.
389 4761 434 4835 A.
451 4759 562 4836 1666.

689 4856 881 4957 Philippus
896 4855 1123 4935 Melanthos.
1159 4903 1162 4909 ·

252 5086 369 5127 armam
388 5089 459 5128 ann.
493 5069 568 5128 llaec
584 5067 751 5140 comeripsi,
773 5067 889 5126 candide
906 5067 1011 5142 lector,
1037 5073 1068 5120 ut
1087 5063 1174 5136 ipsam

252 5142 294 5194 rei
306 5141 404 5197 mem
418 5158 617 5213 cognosceres,
640 5146 722 5220 etms
739 5145 892 5221 excusatum
908 5135 1037 5198 haberes,
1079 5132 1133 5187 nod
1146 5141 1175 5214 ut

250 5207 340 5272 bun,
357 5218 481 5264 amanter
493 5227 554 5264 oro.
589 5206 708 5279 Raptam.
741 5203 858 5277 Slesrrgr
872 5204 898 5260 7.
914 5200 1047 5258 Gaiendss
1058 5152 1175 5272 hagam

253 5296 327 5331 auno
344 5278 422 5332 1666.
849 5340 938 5396 cm
949 5337 1073 5405 mm

798 5405 1137 5475 ‚huntundoniae

237 5486 417 5561 masere.
435 5491 542 5562 Orsa.
566 5481 768 5559 Vonvlll.

756 238 1188 324 EPISTOLARUM
1238 240 1344 321 bill.
1366 239 1465 324 ΧΠ.
1519 239 1651 324 6666

2143 249 2217 326 836

1233 411 1300 490 No.
1318 414 1432 490 6066.

1229 516 1439 550 Μ

1484 610 1636 699 loerch.
1666 612 1945 706 concamio.

1288 781 1373 854 Epist·
1386 783 1420 838 sd
1433 782 1542 840 Cancer.
1554 799 1582 852 p.
1595 780 1656 837 7⁰7.
1675 781 1727 850 (ed.
1744 783 1835 840 Lond.
1854 785 1902 844 lib.
1914 788 1961 844 tv,
1979 808 2023 863 ep.
2034 791 2113 860 866).

2039 423 2210 546 Q

1218 930 1445 1013 Clarissimo
1468 938 1547 1011 viro
1569 936 1773 1013 eruditione
1795 952 1827 1013 ct
1851 945 1981 1018 virtute
2000 951 2210 1046 praestanti

1256 1038 1419 1120 [caet.
1444 1034 1720 1115 Camerario
1737 1044 1865 1142 fratri
1881 1072 1950 1119 suo
1968 1050 2173 1135 carissimo,

1220 1178 1269 1266 S.
1290 1187 1336 1261 D.
1385 1187 1477 1261 Cum
1502 1189 1636 1261 litteras
1657 1191 1777 1261 darem
1804 1192 1880 1262 viro
1902 1197 2037 1287 optimo
2063 1196 2108 1272 D.
2128 1195 2174 1272 V
2167 1224 2211 1270 a·

1221 1288 1327 1377 dino,
1352 1314 1426 1362 non
1441 1290 1540 1363 volui
1555 1284 1739 1386 δύσφημα
1755 1294 1926 1376 scribere,
1960 1322 2001 1367 ac
2017 1301 2126 1368 malni
2144 1325 2211 1393 po-

1220 1394 1292 1467 tius
1325 1393 1476 1463 incertas
1508 1393 1730 1463 narrationes
1760 1393 1900 1465 mittere
1934 1400 1979 1468 de
2012 1400 2212 1488 Pannonia,

1221 1518 1308 1589 quas
1328 1504 1448 1565 tamen
1471 1485 1531 1575 hi,
1564 1492 1626 1584 qni
1657 1515 1780 1561 recens
1801 1511 1996 1580 venerunt,
2034 1502 2213 1574 affirmant

1222 1618 1321 1665 veras
1334 1615 1419 1663 esse.
1469 1590 1527 1661 Ad
1544 1586 1669 1683 Ziged
1685 1593 1723 1661 in
1736 1594 1836 1662 aditu
1850 1594 1980 1667 Stiriae
1994 1601 2211 1673 trucidatum

1221 1717 1294 1765 esse
1314 1715 1389 1763 non
1408 1715 1558 1782 parvum
1584 1693 1774 1763 exercitum
1793 1691 1984 1768 Turricum
2000 1701 2112 1777 aiunt.
2163 1701 2213 1776 Et

1221 1796 1344 1867 suisset
1362 1793 1500 1863 felicius
1517 1808 1730 1884 pugnaturn,
1760 1795 1791 1863 si
1808 1793 1979 1868 Germani
1994 1824 2069 1872 non
2083 1806 2212 1874 deserti

1221 1913 1335 1968 essent
1359 1895 1404 1963 ab
1421 1895 1600 1987 equitibus
1620 1892 1739 1964 Stiriis
1757 1910 1792 1965 et
1813 1891 2037 1988 Huugaricis.
2089 1901 2213 1974 Victo-

1220 2021 1277 2067 res
1297 1996 1469 2067 Germani
1501 1994 1713 2088 pepulerunt
1740 1992 1895 2082 Turcos,
1927 2000 1989 2070 sed
2019 2023 2061 2071 ex
2082 2008 2213 2077 nostris

1220 2095 1373 2170 sexcenti
1386 2095 1561 2167 interfecti
1575 2107 1670 2170 sunt.
1721 2094 1779 2166 Ad
1795 2085 2014 2172 Cossoviam
2030 2116 2101 2173 tres
2116 2130 2214 2177 arces

1221 2199 1335 2271 nostri
1362 2211 1590 2289 receperunt,
1632 2210 1666 2268 et
1694 2197 1746 2268 ibi
1772 2193 1889 2270 adhuc
1912 2217 1995 2274 sunt
2015 2206 2213 2278 incolumes

1221 2301 1342 2395 copiae
1367 2297 1660 2374 Ferdiuandicae.
1723 2295 1909 2372 Archidux
1930 2296 2212 2391 Ferdinandus,

1220 2404 1317 2496 qtrod
1334 2404 1487 2472 faustum
1502 2413 1536 2470 et
1551 2396 1636 2471 felix
1652 2399 1716 2486 sit,
1748 2423 1916 2490 magnum
1936 2410 2127 2479 exercitum
2144 2412 2212 2481 du·

1221 2504 1270 2575 cit
1284 2504 1323 2573 in
1339 2501 1573 2592 Hungariam.
1622 2495 1723 2572 Dua
1733 2495 1957 2576 Pressuras
1972 2531 2065 2580 nova
2082 2510 2214 2601 scripta

1220 2605 1326 2677 nobis
1341 2604 1531 2675 iudicanda
1542 2603 1663 2680 mittit.
1699 2602 1886 2676 Saeculum
1902 2606 2056 2680 delirum
2069 2623 2107 2680 et
2117 2611 2213 2682 rixo-

1221 2729 1300 2777 sum
1314 2717 1384 2792 est,
1411 2705 1468 2775 vel
1482 2705 1601 2797 potius
1612 2699 1919 2799 sycophanticum:
1945 2707 2016 2801 Sed
2029 2733 2213 2805 precemur

1221 2810 1335 2879 filium
1349 2806 1435 2893 Dei,
1465 2819 1506 2877 ut
1521 2830 1587 2877 nos
1603 2808 1793 2897 gubernet,
1817 2819 1853 2877 et
1866 2822 1991 2886 servet.
2042 2808 2211 2884 Sabinus

1222 2908 1400 2981 casalinis
1414 2909 1458 2978 ad
1473 2922 1508 2980 te
1522 2929 1723 2981 accessurus
1737 2920 1831 2988 erat,
1864 2911 1924 2979 sed
1940 2909 2024 3004 qnia
2041 2911 2212 3008 Princeps
2332 2998 2334 3003 ,

1221 3013 1398 3104 profectus
1430 3024 1505 3080 erat
1542 3012 1588 3081 ad
1621 3022 1776 3103 patrem,
1814 3013 2020 3103 properavit
2056 3028 2091 3088 et
2124 3014 2211 3108 ipse.

1222 3111 1396 3186 Aestimat
1410 3113 1504 3183 dona
1519 3114 1600 3184 data
1616 3113 1655 3182 in
1670 3112 1846 3203 legatione
1859 3112 2071 3204 octingentis
2085 3116 2213 3188 aureis.

1221 3211 1269 3287 Et
1289 3213 1371 3286 Dus
1391 3213 1554 3285 Prussiae
1579 3215 1611 3284 ei
1638 3214 1797 3305 placatus
1818 3226 1869 3284 est
1883 3226 1918 3285 et
1931 3215 2087 3288 debitam
2104 3239 2213 3307 pecu·

1221 3317 1319 3387 niam
1345 3317 1507 3408 promisit
1516 3310 1565 3410 ')·
1614 3312 1762 3387 Caetera
1784 3336 1912 3383 coram.
1963 3313 2061 3384 Bene
2082 3329 2117 3387 et
2132 3315 2214 3387 ieli-

1222 3418 1309 3489 citer
1325 3416 1414 3489 vale.
1463 3415 1560 3488 Deus
1584 3415 1760 3485 custodiat
1773 3423 1883 3483 totam
1906 3408 2101 3488 Ecclesiam
2115 3429 2213 3491 tuam

1222 3516 1450 3588 domesticam
1468 3530 1502 3587 et
1515 3514 1705 3605 publicam.
1757 3509 1833 3588 Cal.
1846 3510 2027 3607 Septemb.

1960 3629 2163 3728 Philippus.

1224 3971 1292 4047 No.
1305 3971 1419 4047 6068.

1231 4066 1402 4104 ψ,
2036 3973 2210 4094 neu

1486 4167 1552 4255 A.
1581 4167 1947 4280 Hardenbergio.

1327 4335 1395 4411 Epp.
1412 4334 1447 4390 at
1465 4329 1652 4401 Hartaabcrg.
1671 4347 1713 4401 cp.
1726 4329 1770 4384 aa,
1880 4344 1892 4365 .

1397 4488 1453 4562 D.
1477 4485 1670 4559 Atherto
1693 4480 2034 4581 Hardehergio.
2109 4573 2111 4577 ‚

1226 4633 1275 4726 S.
1299 4642 1345 4717 D.
1395 4633 1682 4722 Reverendevir,
1707 4646 1743 4705 et
1757 4633 1934 4705 carissime
1948 4633 2067 4707 frater.
2116 4631 2211 4709 Dedi

1225 4729 1409 4823 tabellario
1432 4755 1549 4815 vestro
1569 4750 1652 4810 ante
1670 4759 1802 4831 paucos
1816 4735 1893 4805 dies
1905 4733 2054 4804 brevem
2066 4728 2211 4829 Episto-

1223 4854 1327 4936 lam„
1350 4851 1389 4920 iu
1421 4869 1491 4941 qua
1517 4836 1731 4934 significavi,
1768 4834 1928 4930 querelas
1959 4828 2029 4909 huc
2063 4838 2211 4932 scriptas

1224 4945 1419 5127 i”’a''“’²
1432 4934 2211 5119 ³⁶⁶ii0iiiiiiipii⁰ffliffi

1224 5080 1322 5247 Hice
1335 5072 1640 5233 eteniciii,¹rrtile
1678 5155 1749 5225 est,
1779 5153 1821 5211 ut
1838 5060 2081 5213 phasidem
2110 5138 2211 5215 urbis

1231 5304 1436 5327 W

1240 5426 1243 5431 ·
1262 5402 1288 5467 ἢ
1310 5394 1374 5453 vit.
1389 5408 1472 5464 supra
1492 5405 1536 5462 ep.
1552 5384 1579 5441 6.
1597 5378 1710 5534 ΙὲθΜιὶὶ
1726 5379 1837 5454 “ritib
