4776 6024
177 225 252 299 339
490 272 498 281 .
739 209 1175 291 EPISTOLARUM
1233 214 1341 292 ΗΒ.
1365 213 1449 288 x11.
1500 211 1634 293 1654.
2140 224 2229 307 ξω

279 390 329 464 Et
352 416 430 464 curn
447 391 491 459 ad
508 403 540 458 te
554 388 706 458 scribam
722 385 916 457 clarissime
930 382 1172 480 Hieronymo,
1222 383 1294 454 rias
1308 378 1496 454 Aeschinis
1517 396 1551 454 et
1565 378 1836 470 Demosthenis,
1866 409 2018 478 quarum
2032 379 2217 467 literarum

180 500 264 570 nolo
280 512 314 566 te
330 495 481 565 lectione
497 485 625 560 harum
642 490 800 560 rixarum
817 513 984 576 onerare,
1010 512 1172 581 praeser·
1224 486 1362 578 pictura
1393 486 1531 555 nullam
1562 485 1639 554 vidi
1664 482 1918 577 pulchriorem.
1976 484 2087 561 Dedit
2109 491 2219 583 igitur

181 603 348 670 timeum
368 593 611 663 narrationem
627 587 712 662 hnic
728 593 827 682 operi
841 617 915 660 non
930 592 1111 662 insuavem
1129 592 1172 658 de
1222 591 1438 674 mercedem,
1480 601 1521 658 ut
1552 585 1750 678 Dalburgio
1784 589 1949 681 episcopo
1986 588 2219 682 Vangionum

179 695 318 771 Iacobo
332 691 608 792 Questebergtb,
635 709 719 764 nato
735 695 772 763 in
788 696 921 786 oppido
937 693 1076 788 Mysiae
1091 691 1172 760 Fri·
1223 692 1393 760 scriberet
1408 683 1636 760 Athenaeum
1652 706 1687 760 et
1699 689 1789 759 alios
1805 693 1980 783 quosdam
1997 692 2128 782 libros,
2154 699 2219 791 qui

180 805 309 891 berga,
331 801 431 868 cuius
452 822 561 866 manu
580 798 776 887 exemplum
793 795 928 879 Procli,
954 797 1050 887 quod
1068 794 1173 862 nobis
1224 791 1263 859 in
1287 786 1503 862 bibliotheca
1524 792 1679 884 episcopi
1704 790 1933 881 Vangionum
1954 809 2076 887 postea
2099 814 2219 870 custo-

181 901 330 986 dedisti,
361 901 624 993 scriptumest.
651 900 780 968 addere
806 896 1034 969 decreverim.
1085 893 1172 963 Tibi
1224 893 1290 962 diti
1323 909 1417 964 sunt.
1477 888 1703 966 Athenaeum
1736 895 1934 983 retinuerat
1959 893 2111 990 Capnio.
2170 899 2219 974 Et

181 1017 298 1092 autem
323 1015 358 1072 et
378 1004 488 1071 debeo
508 1013 543 1070 et
559 997 672 1069 habeo
689 999 837 1089 gratiam
855 998 999 1090 publico
1016 997 1173 1081 nornine,
1223 1020 1303 1065 cum
1318 994 1528 1087 Moguntiae
1553 997 1721 1067 inventus
1741 997 1786 1066 sit
1811 993 1870 1066 hic
1892 996 2014 1069 Procli
2033 1026 2218 1073 commen·

182 1108 278 1203 quod
310 1098 407 1174 hunc
425 1101 544 1172 Procli
567 1101 860 1170 commentarium
883 1099 1029 1170 voluisti
1050 1099 1108 1168 edi
1134 1098 1173 1167 in
1222 1097 1353 1183 tarius,
1386 1098 1546 1167 existimo
1572 1122 1614 1168 eo
1635 1102 1812 1192 perlatum
1837 1122 1910 1170 esse
1934 1125 1977 1173 cx
1998 1102 2219 1178 bibliotheca

131 1212 135 1218 ’
182 1207 385 1304 publicum,
410 1217 450 1274 ut
465 1205 567 1294 legia
585 1203 707 1273 multis
723 1203 843 1292 possit.
1224 1200 1379 1291 episcopi
1403 1199 1643 1290 Vangionum.
1707 1198 1800 1270 Cum
1832 1216 1948 1272 autem
1974 1210 2217 1278 controversia

286 1306 461 1398 interpres
479 1321 530 1377 est
544 1304 691 1375 Proclus
707 1305 816 1374 alieni
832 1303 949 1393 operis
964 1301 1112 1384 nitidus,
1138 1315 1174 1373 et
1222 1299 1420 1392 Capnionis
1443 1315 1537 1371 mota
1552 1316 1660 1386 esset,
1693 1298 1752 1374 hic
1768 1298 1915 1374 Iacobus
1929 1303 2220 1400 Questebergius,

183 1397 353 1483 delectare
376 1411 534 1478 eruditos
558 1407 672 1478 oratio
693 1419 806 1498 potest
828 1418 863 1475 et
887 1399 1051 1500 physicae
1076 1430 1173 1475 com·
1223 1427 1359 1473 memor
1381 1404 1508 1472 veteris
1527 1405 1720 1488 amicitiae,
1761 1428 1888 1493 magna
1913 1407 1983 1476 fide
2005 1413 2100 1500 apud
2125 1411 2217 1483 Leo-

183 1513 457 1584 monel'actiones
470 1506 529 1579 hic
546 1511 695 1580 traditae
709 1532 782 1578 non
796 1521 881 1577 sunt
896 1507 1050 1579 inutiles.
1099 1505 1172 1576 Nec
1224 1530 1305 1573 nem
1323 1506 1547 1597 pontificem,
1574 1509 1669 1597 apud
1688 1505 1916 1578 Cardinalem
1932 1506 2110 1583 Venetum
2129 1512 2217 1584 Gri-

128 1678 131 1684 .
183 1619 337 1686 eduntur
362 1609 447 1682 haec
470 1613 566 1694 istis,
594 1610 995 1704 quitotamdoctrinam
1010 1623 1172 1679 motuum
1222 1633 1368 1677 manum
1390 1621 1425 1676 et
1440 1607 1547 1693 alios,
1573 1609 1664 1678 tueri
1681 1605 1904 1701 Capniopem
1920 1611 2053 1702 coepit,
2079 1639 2119 1684 ac
2132 1618 2216 1706 plus

183 1718 385 1788 coelestium
408 1729 443 1784 et
463 1713 781 1784 considerationem
806 1735 955 1801 operum
973 1712 1030 1780 dei
1051 1712 1089 1778 in
1105 1734 1171 1779 na·
1223 1708 1256 1777 ei
1279 1703 1387 1779 huius
1407 1710 1515 1780 unius
1537 1709 1608 1779 viri
1623 1711 1794 1782 autoritas
1810 1711 1964 1803 proluit,
1996 1718 2214 1786 necrudeli-

184 1836 263 1891 tura
276 1819 454 1912 cyclopico
470 1828 674 1904 contemptu
689 1827 935 1904 aspernantur.
985 1810 1040 1881 Eo
1054 1826 1172 1883 autem
1223 1824 1292 1881 tate
1308 1807 1565 1882 monachorum
1581 1814 1770 1895 deleretur,
1798 1838 1903 1906 quam
1921 1837 2043 1905 regum
2058 1831 2091 1887 et
2110 1819 2212 1908 prin-

183 1922 258 1991 vidi
285 1921 456 1989 libentius
487 1916 686 2006 exemplum
717 1928 834 1997 tuum,
875 1914 957 2007 quia
984 1939 1066 1983 mox
1090 1939 1171 1984 cum
1223 1913 1342 2005 cipum
1361 1915 1503 1999 literae,
1538 1940 1626 2008 quae
1643 1940 1722 1986 eum
1738 1913 1854 1985 Leoni
1868 1918 2212 1994 commendaverant.

184 2023 319 2115 asperi,
339 2017 472 2089 Iacobr'
482 2013 736 2114 Questebergr‘r'
749 2039 895 2085 manum
911 2016 1051 2104 agnovi,
1072 2016 1172 2085 cuius
1223 2014 1294 2084 Diu
1319 2016 1413 2083 enirn
1434 2013 1572 2087 Romae
1597 2017 1733 2088 vixerat
1755 2014 1902 2087 lacobus
1924 2032 1958 2088 ct
1979 2020 2122 2110 publica
2148 2047 2214 2092 ne-

184 2127 253 2193 viri
268 2124 512 2193 recordatione
527 2133 672 2212 propter
687 2118 814 2187 multas
830 2140 951 2186 causas
968 2118 1123 2187 delector
1138 2132 1172 2186 et
1221 2118 1315 2206 gotia
1336 2131 1459 2201 norat,
1492 2132 1526 2188 et
1541 2132 1685 2210 propter
1701 2119 1927 2211 prudentiam
1943 2133 1978 2190 et
1992 2120 2213 2213 diligentiam

184 2225 392 2294 memoriam
415 2224 587 2292 virtutum
611 2220 722 2311 ipsius
735 2221 873 2289 tradere
888 2221 1038 2308 posteris
1056 2220 1172 2311 cupio,
1222 2220 1262 2287 in
1285 2220 1384 2288 omni
1406 2219 1521 2288 officio
1537 2243 1639 2314 saepe
1654 2246 1674 2291 a
1688 2219 1810 2291 Leone
1827 2235 1895 2291 eta
1912 2223 2151 2295 cardinalibus
2168 2228 2212 2295 de

184 2329 281 2422 quod
302 2341 420 2395 tamen
447 2325 520 2415 ipse
543 2323 615 2392 suis
636 2321 774 2412 scriptis
788 2322 900 2390 multo
916 2322 1042 2391 melius
1058 2321 1171 2391 lacere
1222 2321 1369 2390 summis
1383 2320 1534 2410 negotiis
1550 2323 1818 2406 consulebatur3
1845 2347 1865 2393 a
1882 2324 1995 2394 doctis
2008 2325 2112 2395 etiam
2127 2352 2211 2419 pro-

183 2429 363 2521 potuisset.
413 2425 525 2496 Natus
539 2426 578 2493 in
593 2423 725 2516 oppido
740 2420 930 2512 Friberga,
960 2448 1039 2492 cum
1056 2425 1092 2491 in
1109 2447 1170 2514 pa·
1221 2437 1300 2514 pter
1322 2423 1558 2493 eruditionem
1591 2424 1815 2515 diligebatur.
1873 2422 1927 2496 Ac
1956 2428 2212 2500 moderationis

182 2531 250 2618 tria
266 2530 443 2598 academia
460 2527 618 2615 linguam
635 2526 781 2596 latinam
797 2539 829 2593 et
845 2526 905 2593 illa
925 2520 1171 2615 philosophiae
1221 2525 1297 2595 eius
1330 2519 1399 2593 hoc
1425 2549 1500 2595 non
1526 2526 1715 2597 obscurum
1744 2527 1987 2597 testimonium
2012 2543 2081 2615 cst,
2114 2535 2213 2625 quod

182 2633 285 2703 initia
307 2631 505 2713 didicisset,
546 2651 636 2721 quae
659 2641 744 2720 tunc
769 2628 1019 2711 tradebantur,
1052 2627 1170 2696 nescio
1221 2652 1302 2697 cum
1324 2628 1461 2697 aditum
1485 2622 1632 2699 haberet
1648 2629 1788 2699 facilem
1804 2631 1847 2698 ad
1863 2629 2081 2720 amplissima
2097 2657 2211 2703 sacer-

182 2758 257 2830 qua
281 2734 463 2810 occasione
483 2729 635 2803 Romam
658 2729 755 2798 venit
776 2724 972 2798 Alexandri
993 2730 1171 2819 pontificis
1222 2729 1317 2799 dotia
1341 2743 1375 2799 et
1401 2731 1446 2798 ad
1470 2754 1571 2821 opes,
1605 2744 1791 2802 contentus
1807 2730 1874 2801 suit
1891 2730 2063 2801 mediocri
2079 2735 2159 2805 loco
2177 2752 2213 2807 et

181 2850 350 2928 tempore.
403 2833 476 2904 Ubi
492 2846 676 2925 propterca
693 2833 788 2922 quod
804 2845 837 2900 et
855 2832 1032 2919 eleganter
1046 2833 1170 2922 pinge-
1220 2830 1354 2921 exiguis
1375 2831 1618 2918 facultatibus,
1638 2856 1726 2927 quas
1742 2834 1791 2905 ita
1805 2832 2009 2914 collocavit,
2034 2848 2074 2906 ut
2089 2838 2211 2909 multis

181 2941 244 3009 bat
279 2939 408 3006 latinas
440 2936 559 3004 literas
589 2947 622 3003 et
653 2932 804 3001 latinum
830 2955 1029 3000 sermonem
1051 2934 1169 3001 minus
1219 2933 1395 3023 germanis
1410 2927 1611 3025 hospitibus
1625 2934 1709 3006 inde
1726 2959 1829 3028 opem
1844 2935 1961 3007 ferret.

180 3037 327 3111 horride
352 3036 625 3131 pronuntiabat,
662 3056 768 3124 quam
792 3034 962 3104 usitatum
988 3048 1040 3103 est
1064 3035 1170 3104 nobis
1268 3107 1272 3113 ,
1321 3031 1441 3104 Huius
1453 3034 1523 3104 viri
1539 3036 1755 3107 mentionem
1774 3033 1833 3106 hic
1849 3037 2003 3107 libenter
2018 3038 2098 3124 feci,
2150 3043 2209 3112 uia

181 3145 220 3212 in
240 3140 434 3212 Germania
457 3137 551 3206 natis
572 3149 607 3204 et
627 3134 757 3202 deinde
778 3136 825 3203 ad
847 3158 974 3204 sonum
998 3150 1167 3224 agrestem
1220 3148 1253 3205 et
1275 3137 1452 3225 gratitudo
1476 3137 1510 3205 ei
1530 3137 1697 3226 debetur,
1731 3139 1823 3235 quod
1842 3139 2029 3232 descripsit
2042 3066 2210 3212 Procdum

181 3244 408 3326 adsuefactis,
455 3238 612 3309 familiae
642 3259 727 3305 suae
760 3260 842 3306 eum
874 3237 1036 3306 adiunxit
1064 3261 1169 3307 senex
1219 3238 1308 3307 etin
1325 3234 1555 3308 Germaniam
1573 3241 1687 3327 misit,
1706 3259 1746 3332 =et
1760 3242 1910 3332 exempli
1924 3264 2025 3311 causa
2040 3242 2127 3311 utile
2144 3260 2208 3327 est,

181 3346 372 3416 cardinalis
405 3341 579 3425 Venetus,
622 3335 767 3411 Marcus
802 3340 846 3407 de
878 3352 998 3408 sancto
1031 3337 1168 3424 Marco,
1219 3341 1256 3408 in
1275 3339 1390 3429 patria
1412 3343 1618 3430 praesertim
1642 3359 1746 3416 notos
1773 3367 1846 3414 esse
1863 3342 1948 3414 tales
1967 3341 2077 3426 viros,
2111 3369 2204 3434 quo-

181 3473 285 3541 quem
305 3460 389 3515 tunc
407 3460 440 3514 et
454 3458 598 3535 propter
616 3440 853 3510 eruditionem
869 3454 904 3509 et
918 3454 1061 3531 propter
1077 3442 1167 3509 vitae
1219 3466 1298 3510 rum
1327 3441 1487 3531 ingenia,
1526 3445 1660 3529 studia,
1698 3447 1812 3516 virtus
1837 3458 1968 3515 ornant
1992 3442 2139 3534 patriam
2168 3461 2202 3514 et

179 3548 416 3635 integritatem
441 3568 565 3614 omnes
585 3539 725 3612 bonesti
748 3555 782 3613 et
798 3541 957 3613 Venetiis
976 3556 1010 3610 et
1027 3542 1065 3609 in
1080 3544 1167 3612 urbe
1219 3544 1348 3614 multos
1365 3544 1519 3614 invitant
1533 3548 1577 3615 ad
1592 3547 1834 3617 doctrinarum
1850 3569 2018 3618 amorem.

179 3648 296 3722 Roma
329 3647 476 3740 plurimi
502 3647 678 3715 faciebant
710 3658 744 3714 et
769 3646 1041 3717 venerabantur.
1097 3643 1167 3714 Hic
1320 3644 1407 3715 Tibi
1428 3671 1510 3715 vere
1527 3643 1749 3742 Hr'eronyme
1770 3673 1850 3719 curn
1867 3648 2061 3719 editionem
2076 3648 2207 3718 debea-

179 3778 258 3823 cum
280 3753 427 3821 vidisset
448 3764 610 3820 naturam
634 3747 673 3814 in
697 3742 824 3815 Iacobo
848 3746 1167 3816 doctrinarumca-
1216 3772 1307 3835 mus,
1333 3772 1557 3842 nequaquam
1571 3749 1639 3821 fuir
1653 3752 1850 3823 omittenda
1864 3752 1917 3820 tui
1932 3748 2094 3820 beneficii
2109 3774 2208 3819 corn-

178 3879 299 3946 pacem
325 3877 416 3937 esse,
447 3864 547 3943 parte
571 3847 705 3917 laboris
726 3849 764 3918 in
789 3848 1029 3918 describendis
1045 3848 1166 3917 latinis
1217 3851 1437 3923 memoratio.
1489 3848 1597 3940 Quod
1621 3874 1702 3923 cum
1715 3866 1855 3945 gratum
1871 3853 2032 3924 futurum
2050 3852 2207 3923 sitmul-

179 3958 281 4026 libris
297 3982 377 4025 eum
392 3955 522 4023 levavit
537 3965 572 4021 et
593 3949 727 4018 discere
742 3971 900 4038 graecam
917 3949 1075 4038 linguam
1092 3951 1166 4019 ius·
1217 3953 1261 4022 tis
1276 3953 1388 4022 doctis
1403 3952 1501 4037 viris,
1526 3976 1591 4042 ego
1607 3978 1704 4024 nunc
1719 3954 1860 4047 publico
1877 3954 2022 4024 nomine
2041 3953 2108 4021 tibi
2125 3978 2207 4045 gra-

179 4061 235 4130 sit.
286 4056 423 4127 Romae
444 4081 485 4125 eo
502 4069 660 4143 tempore
675 4074 780 4120 senex
798 4051 1042 4145 Argyropylus
1060 4046 1165 4122 Thu·
1217 4053 1282 4126 tias
1298 4078 1383 4143 ago,
1408 4056 1504 4146 quod
1520 4050 1616 4125 hunc
1631 4057 1783 4142 librum,
1801 4070 1848 4128 ut
1862 4079 1882 4124 a
1898 4055 2020 4125 multis
2034 4053 2105 4145 legi
2122 4081 2205 4147 pos-

179 4160 340 4252 cydidem
366 4157 680 4248 interpretabatur3
716 4148 812 4222 hunc
835 4153 939 4224 multi
956 4153 1165 4238 cardinales,
1217 4169 1286 4240 set,
1313 4157 1491 4225 edendum
1510 4157 1615 4226 nobis
1637 4159 1831 4244 tradidisti,
1865 4155 1990 4229 actibi
2006 4169 2041 4228 et
2058 4158 2206 4227 univcr-

179 4276 210 4330 et
232 4259 337 4328 multi
361 4281 482 4346 regum
506 4271 540 4326 et
562 4257 763 4349 principum
780 4256 883 4345 legati
897 4269 931 4326 et
947 4255 1009 4323 alii
1024 4257 1164 4325 romani
1216 4281 1273 4326 sae
1297 4257 1452 4326 familiae
1473 4273 1606 4328 vestrae
1625 4262 1738 4331 fausta
1760 4283 1904 4354 precor,
1939 4261 2019 4344 cui,
2045 4283 2126 4328 cum
2148 4261 2205 4329 vir

178 4363 271 4432 cives
297 4375 332 4432 et
359 4356 515 4450 hospites
540 4360 636 4429 docti
662 4359 865 4430 audiebant.
940 4355 1057 4447 Quem
1083 4383 1163 4427 cum
1216 4361 1388 4428 excellens
1411 4359 1582 4450 sapientia
1599 4375 1633 4432 ct
1649 4363 1780 4434 virtute
1792 4378 1939 4456 patruus
1955 4375 2057 4445 tuus,
2084 4354 2205 4431 Geor-

177 4465 278 4532 avide
306 4461 454 4532 lacobus
476 4461 615 4530 audiret
638 4474 672 4528 et
693 4461 790 4528 domi
812 4462 881 4529 iarn
896 4483 1037 4549 graecos
1053 4461 1163 4530 libros
1211 4458 1299 4555 gius
1315 4485 1340 4528 a
1357 4454 1618 4548 Commerstat,
1643 4465 1866 4536 consiliarius
1882 4463 2007 4559 inclyti
2020 4463 2121 4534 ducis
2136 4461 2205 4535 Sa-

176 4566 281 4634 certis
304 4559 402 4634 horis
419 4563 580 4658 quotidie
595 4560 807 4632 describeret
823 4575 961 4633 etesset
977 4563 1015 4629 in
1030 4563 1164 4633 familia
1214 4564 1339 4633 xoniae
1354 4559 1525 4654 Augusti,
1559 4562 1736 4658 Principis
1748 4563 1926 4640 Electoris
1951 4581 2013 4640 etc.
2035 4587 2201 4654 magnam

175 4667 334 4750 erudita,
360 4691 434 4736 non
459 4666 598 4755 linguas
622 4675 761 4732 tantum
783 4664 930 4734 latinam
954 4677 988 4732 et
1003 4687 1162 4753 graecam
1213 4667 1483 4754 gubernationis
1513 4668 1643 4736 molem
1679 4668 1718 4738 in
1751 4665 1816 4739 hac
1842 4669 1986 4757 regione
2015 4669 2199 4752 sustineat,

173 4770 351 4860 praeclare
377 4770 522 4854 didicit,
556 4764 754 4836 sedetiam
787 4760 1034 4858 philosophiae
1059 4766 1162 4837 initia
1213 4766 1465 4856 gratitudinem
1489 4792 1613 4838 omnes
1628 4771 1807 4844 debemus.
1858 4768 1907 4842 Et
1922 4793 1988 4839 nos
2000 4771 2198 4863 praecipue,

174 4872 340 4964 percepit.
1214 4869 1276 4961 qui
1296 4870 1478 4940 doctrinae
1497 4872 1614 4941 studia
1628 4873 1801 4963 regimus,
1828 4872 2012 4944 ostendere
2024 4870 2197 4959 siguifica-

277 4971 387 5042 Venit
410 4998 449 5042 eo
473 4987 631 5064 tempore
656 4969 812 5044 Romam
834 4957 1001 5061 Capnio.
1035 4967 1161 5038 missus
1211 4972 1346 5039 tionem
1368 4972 1594 5060 gratitudinis
1615 4977 1732 5061 decet,
1758 4976 1842 5070 quia
1860 4977 1956 5045 inter
1970 4987 2118 5045 caeteras
2134 4996 2197 5042 cu-

173 5074 427 5169 eoaprincipe
441 5074 601 5144 Palatino
615 5069 795 5166 Philippo.
849 5067 1019 5158 Quicum
1035 5085 1068 5142 et
1087 5071 1161 5162 ipse
1212 5096 1267 5141 ras
1285 5075 1444 5163 publicas
1457 5100 1576 5145 rerum
1593 5078 1845 5163 maximarum,
1879 5077 1983 5147 etiam
1999 5073 2200 5145 academia-

172 5181 315 5250 auditor
330 5189 418 5246 esset
431 5171 647 5269 Argyropyli
664 5191 698 5246 et
714 5180 810 5244 inter
822 5172 1040 5264 germanicos
1057 5174 1162 5244 audi·
1211 5200 1290 5245 rum
1313 5191 1347 5246 et
1366 5172 1567 5248 scholarum
1593 5179 1880 5250 constitutionem
1905 5191 1940 5249 et
1960 5176 2202 5250 conservatio-

170 5294 264 5351 tores
300 5278 469 5350 Iacobum
503 5299 605 5344 nosse
640 5277 828 5368 coepisset,
874 5275 1021 5346 vidisset
1054 5277 1158 5348 etiam
1210 5301 1291 5350 nem
1316 5280 1571 5370 complectitur.
1624 5276 1703 5350 Oro
1725 5295 1843 5352 autem
1864 5281 1979 5351 lilium
2002 5280 2061 5351 dei
2082 5279 2202 5350 dorni-

170 5382 282 5452 libros
299 5385 343 5452 ab
360 5409 400 5452 eo
415 5380 585 5472 scriptos,
607 5378 693 5446 emit
708 5379 754 5446 ab
769 5403 812 5448 eo
826 5378 1005 5452 orationes
1018 5394 1159 5450 contra-
1211 5403 1298 5451 num
1326 5394 1489 5453 nostrum
1516 5379 1633 5452 lesum
1656 5376 1861 5470 Christum,
1897 5381 2109 5457 crucifixum
2134 5408 2201 5479 pro
