4776 6024
116 305 141 377 9
695 299 1125 376 EPISTOLARUM
1177 300 1390 379 LlB.Xll.
1446 304 1575 380 1555.
1688 245 1689 248 ¹
2106 307 2152 377 10

216 472 305 543 Hocv
318 469 382 565 qui
408 481 586 548 statuunt,
624 491 812 558 agnoscere
844 472 949 543 etiam
979 473 1107 540 dehent
1160 472 1315 554 suerint,
1344 485 1377 541 et
1396 494 1522 540 uxores
1539 485 1702 563 oportere
1716 494 1921 542 communes
1936 496 2026 558 esse,
2047 486 2081 543 et
2095 487 2146 543 te-

118 577 273 667 ingentia
290 571 473 649 beneficia,
492 593 579 662 quae
593 567 688 657 Deus
702 568 877 642 Ecclesiae
893 573 1034 642 tribuit:
1056 597 1107 656 ac,
1161 588 1212 642 tra
1237 574 1393 662 exempla
1416 574 1551 644 recitat.
1602 571 1694 641 Vide
1715 588 1828 642 autem
1854 575 2012 648 insidias.
2063 572 2147 644 Non

116 691 156 749 ut
176 679 248 746 iam
275 679 323 743 de
344 672 468 742 ceteris
487 695 560 739 non
581 673 718 755 dicam,
745 688 875 766 quanta
900 677 993 744 hona
1011 689 1104 752 sunt,
1158 675 1196 742 frt
1217 674 1352 742 mentio
1379 672 1589 742 Mediatoris
1611 673 1649 739 in
1671 674 1876 743 definitione
1903 677 2076 761 iustitiae,
2111 690 2147 745 et

114 782 212 873 quod
238 778 354 844 hlium
377 773 486 854 misit,
517 788 559 843 ut
582 789 670 843 esset
691 777 869 843 redemtor
883 791 915 845 et
931 775 1106 858 Salvator,
1157 775 1334 844 omittitur
1351 776 1406 856 id,
1433 777 1527 866 quod
1545 778 1752 865 praecedere
1770 798 1906 843 neccsse
1922 790 2018 862 crat,
2044 776 2145 845 vide-

115 882 215 972 quod
243 902 308 968 per
338 899 414 943 eum
440 874 600 964 patefecit
625 877 805 944 decretum
828 880 872 945 de
898 877 1105 945 reconcilia·
1157 877 1238 945 licet
1251 877 1410 945 remissio
1424 890 1667 966 peccatorum,
1698 888 1733 943 et
1746 876 1984 945 reconciliatio
2001 891 2145 969 propter

116 973 217 1051 tione
241 992 275 1049 et
295 978 404 1045 salute
425 990 562 1059 nostra,
597 979 695 1067 quod
717 1001 780 1046 sua
800 1003 885 1048 voce
900 1003 963 1068 per
980 979 1104 1061 filium,
1157 976 1409 1060 Mediatorem,
1442 978 1554 1045 filium
1569 976 1647 1046 Dei.
1698 972 1752 1045 Ac
1771 990 1856 1044 tunc
1879 971 2042 1046 fithomo
2061 1003 2143 1069 par-

117 1105 183 1173 per
202 1074 385 1173 prophetas
402 1090 436 1146 et
451 1072 642 1173 Apostolos
658 1101 723 1145 nos
740 1081 861 1159 docet,
888 1093 921 1147 et
936 1104 1021 1147 voce
1038 1082 1104 1147 do-
1156 1080 1263 1167 ticeps
1289 1092 1437 1147 naturae
1458 1079 1620 1162 divinae,
1646 1100 1725 1146 cum
1742 1078 1810 1145 fide
1825 1078 1952 1166 accipit
1966 1079 2143 1148 remissio-

117 1183 252 1254 ctrinae
272 1178 411 1265 collegit
433 1192 611 1247 aeternam
635 1175 840 1249 Ecclesiam.
891 1179 997 1268 Quod
1023 1204 1102 1248 curn
1155 1203 1237 1247 nem
1264 1192 1487 1271 peccatorum
1513 1194 1601 1250 etex
1616 1179 1800 1249 doloribus
1817 1179 2013 1249 inferorum
2030 1191 2142 1248 retra-

117 1284 169 1353 ita
200 1283 259 1365 sit,
297 1305 376 1350 cum
409 1277 513 1349 Pauli
547 1280 736 1349 conciones
766 1281 951 1365 audimus,
987 1281 1121 1362 Deum¹
1156 1276 1263 1352 hitur.
1316 1278 1364 1349 At
1381 1276 1772 1363 Enthusiastaeomissa
1789 1280 1949 1349 doctrina
1965 1280 2091 1349 deiide
2108 1292 2143 1348 et

117 1385 229 1476 ipsum
249 1381 347 1473 loqui
363 1404 426 1475 per
440 1374 509 1449 hoc
527 1403 722 1468 organum,
752 1383 935 1451 sciendum
951 1398 1042 1466 erat,
1069 1396 1103 1450 et
1155 1384 1198 1449 de
1229 1405 1312 1449 vera
1344 1383 1584 1451 consolatione
1615 1383 1752 1471 fingunt
1775 1382 1972 1450 societatem
1998 1382 2142 1450 divinae

116 1498 314 1555 reverenter
337 1482 508 1550 adsentiri
534 1506 598 1549 nos
621 1479 697 1550 Deo
718 1485 923 1573 oportebat,
956 1501 989 1555 et
1012 1484 1102 1553 velle
1153 1493 1301 1551 naturae
1316 1505 1389 1549 esse
1404 1506 1483 1550 suas
1496 1483 1751 1574 speculationes
1765 1503 1825 1549 seu
1840 1482 2025 1551 illabentes
2035 1483 2141 1551 ideas.

113 1586 305 1677 discipulos
320 1606 394 1652 esse
411 1583 507 1651 vocis
521 1583 685 1666 divinae,
709 1608 783 1652 non
800 1586 1032 1653 cavillatores.
1154 1581 1280 1652 Postea
1300 1583 1516 1653 addiderunt
1540 1584 1746 1674 particulam
1770 1576 1862 1672 μετὰ
1882 1575 2049 1675 ἰσότητος
2055 1634 2070 1669 ,
2099 1597 2141 1654 ut

214 1683 356 1756 Accidit
370 1699 487 1752 autem
502 1685 691 1774 praecipue
708 1685 744 1751 in
762 1684 863 1753 Pauli
879 1686 1035 1776 scriptis,
1061 1696 1102 1752 ut
1154 1683 1470 1772 complecterentur
1496 1699 1674 1754 externam
1698 1696 1731 1753 et
1751 1684 1891 1752 civilem
1908 1683 2141 1754 consociatio·

112 1788 343 1857 audacissime
372 1785 562 1854 dilacerata
589 1785 659 1854 sint
682 1785 1013 1878 interpretationum
1040 1809 1102 1852 va·
1154 1808 1248 1856 nem.
1290 1783 1341 1853 lta
1355 1798 1427 1853 tota
1443 1786 1603 1856 definitio
1617 1786 1776 1879 loquitur
1790 1787 1833 1852 dc
1848 1785 1980 1855 iustitia
1993 1807 2139 1875 operum

111 1890 246 1962 rietate.
304 1878 504 1977 Origenes,
533 1900 574 1956 ut
595 1886 643 1955 ita
666 1886 800 1970 dicam,
833 1912 977 1980 prorsus
1001 1887 1103 1964 ἕκτος
1154 1886 1363 1954 interiorum
1384 1898 1418 1954 et
1433 1887 1664 1970 exteriorum,
1692 1892 1766 1954 noh
1781 1887 1824 1952 de
1840 1910 1897 1968 ea,
1923 1910 2029 1977 quam
2045 1884 2139 1955 Pau·

111 1985 204 2061 ὁδοῦ
218 1989 351 2071 currit,
377 2003 409 2056 et
427 1990 653 2057 transformat
666 1985 816 2057 Paulum
832 1990 871 2057 in
888 1988 1100 2059 contrariam
1154 1988 1209 2056 lus
1222 1986 1382 2079 nominat
1400 1987 1568 2056 iustitiam
1588 1987 1680 2055 frdei.
1732 1985 1784 2055 lta
1800 1982 1856 2054 his
1874 1987 2018 2075 triginta
2035 1986 2139 2054 annis

110 2092 339 2172 sententiam,
361 2114 438 2157 cum
456 2084 514 2156 hic
530 2092 667 2157 doceat:
694 2087 781 2158 Fide
797 2091 1037 2171 iustificatum,
1063 2089 1099 2154 id
1154 2090 1198 2155 de
1216 2087 1333 2167 nativa
1353 2085 1455 2154 Pauli
1479 2089 1652 2158 sententia
1670 2089 1877 2157 dimicamus
1893 2112 1973 2156 cum
1989 2100 2139 2178 utroque

112 2206 184 2275 est,
207 2205 353 2282 propter
375 2191 487 2259 filium
506 2188 591 2274 Dei,
616 2190 725 2279 gratis
745 2191 831 2275 fide,
858 2217 931 2260 non
955 2206 1102 2282 propter
1153 2212 1280 2275 genere
1304 2187 1622 2277 praestigiatorum,
1652 2214 1732 2258 cum
1747 2182 1936 2258 Monachis
1952 2202 1985 2256 et
1998 2187 2139 2261 cumil-

111 2307 232 2362 nostra
256 2294 346 2361 facta
368 2313 431 2359 seu
451 2305 589 2359 nostras
607 2293 754 2361 virtutes
767 2294 958 2386 accipimus
975 2315 1100 2360 recon—
1152 2290 1196 2359 lis
1212 2290 1371 2380 superbis
1388 2290 1559 2374 fanaticis,
1584 2290 1645 2381 qui
1659 2293 1704 2359 ad
1720 2290 1823 2361 flatos
1838 2313 1921 2358 suos
1933 2289 2022 2358 falso
2038 2288 2138 2359 iacti-

111 2390 347 2463 'ciliatiouemz
380 2383 558 2482 Origenes
575 2407 697 2462 contra
712 2393 847 2484 iuquit,
872 2408 1018 2485 propter
1033 2416 1100 2460 no-
1153 2405 1247 2472 tant,
1267 2404 1334 2469 eta
1351 2405 1538 2479 conspectu
1550 2392 1766 2459 meritorum
1785 2391 1849 2458 filii
1867 2387 1936 2458 Dei
1957 2391 2139 2459 abducunt

113 2492 235 2562 titiam
257 2486 421 2557 historiae
442 2505 476 2559 et
495 2505 614 2560 nostra
628 2493 719 2560 facta
736 2495 925 2582 accipimus
942 2494 1099 2563 reconci-
1151 2505 1285 2559 mentes
1302 2492 1338 2557 in
1355 2491 1622 2561 admirationem
1639 2516 1722 2561 suae
1744 2491 1921 2563 novitatis.
1971 2487 2138 2579 Comperi

112 2590 313 2661 liationem.
368 2585 416 2658 Et
438 2584 535 2658 hunc
556 2594 665 2660 secuti
687 2592 973 2677 suntMonachi,
998 2591 1098 2661 Tho·
1151 2607 1268 2663 autern
1291 2592 1480 2660 vanitatem
1504 2593 1717 2675 multorum,
1746 2592 1808 2681 qui
1825 2590 2137 2659 vereerantsimi-

109 2715 189 2761 mas
206 2703 238 2757 et
254 2689 419 2779 deinceps
434 2690 517 2773 alii,
543 2692 604 2781 qui
621 2704 661 2759 ut
677 2692 861 2762 eluderent
876 2694 967 2763 dicta
985 2693 1097 2776 Pauli,
1151 2694 1202 2761 les
1231 2687 1426 2784 sepulchris
1455 2692 1538 2781 picti
1563 2694 1666 2776 foris,
1699 2691 1885 2760 artificiosa
1910 2689 2138 2763 simulatione

109 2783 374 2887 κρησφύγετον
389 2793 433 2858 de
447 2791 516 2858 fide
529 2793 678 2860 formata
692 2794 982 2880 excogitaverunt.
1019 2792 1098 2864 Au·
1151 2809 1352 2865 sanctorum
1372 2806 1550 2882 gestuum:
1580 2794 1677 2863 intus
1695 2816 1779 2862 vero
1801 2792 1899 2884 pleni
1919 2805 2019 2861 eraut
2032 2814 2137 2881 spur-

110 2892 252 2982 gustiuo
278 2890 430 2960 scintilla
454 2892 598 2959 divinae
618 2893 706 2961 lucis
722 2893 858 2976 illuxit,
891 2910 930 2964 ut
949 2896 1096 2963 inviam
1150 2890 1302 2968 citiae.¹
1438 2968 1449 2983 ,

111 2994 275 3075 redierit,
306 3005 341 3062 et
365 2992 575 3071 ostenderit,
599 2992 686 3076 fide,
711 2993 748 3061 id
765 3009 834 3079 est,
858 2997 1006 3066 fiduciae
1026 2997 1098 3063 mi·
1249 2995 1388 3066 Deinde
1403 2994 1538 3066 etiamsi
1553 3020 1622 3090 qua
1637 3008 1688 3065 est
1701 2990 1880 3079 inchoatio
1895 2992 2074 3073 novitatis,
2097 2993 2137 3063 in

111 3094 321 3165 sericordiae
334 3092 442 3180 gratis
455 3092 565 3181 accipi
579 3094 913 3181 reconciliationem.
956 3095 1004 3166 At
1019 3095 1098 3166 En·
1149 3098 1360 3167 immensum
1388 3100 1561 3170 anteferre
1589 3099 1756 3169 debemus
1781 3098 1846 3167 filii
1869 3094 1939 3165 Dei
1965 3095 2137 3165 ohedien-

109 3191 297 3266 thusiastae
320 3194 618 3264 transformarunt
635 3192 788 3265 Paulum
816 3198 855 3265 in
876 3197 1096 3268 Platonicam
1148 3199 1233 3267 tiam
1260 3196 1316 3269 his
1336 3200 1420 3289 ipsis
1437 3200 1570 3269 divinis
1586 3200 1760 3280 motibus,
1784 3198 1901 3292 quiin
1917 3197 2022 3267 nohis
2036 3197 2137 3271 liunt.

109 3290 389 3385 Philosophiam.
447 3295 583 3364 lustitia
606 3293 674 3364 Dei
694 3297 733 3364 in
746 3294 942 3388 Evangelio
966 3299 1097 3389 patefit,
1148 3298 1226 3369 Hoc
1252 3315 1498 3389 argumentum
1521 3301 1572 3391 pii
1594 3315 1629 3370 et
1646 3324 1748 3391 saepe
1770 3313 1803 3367 et
1824 3312 1954 3369 attente
1972 3297 2137 3387 cogitent,

110 3399 148 3465 id
181 3411 234 3467 est
265 3396 442 3464 delabitur
474 3395 511 3462 in
539 3391 702 3465 homines
726 3398 822 3483 idea,
860 3414 903 3469 ut
928 3400 1030 3469 Plato
1058 3401 1096 3468 in
1148 3392 1418 3470 neeOsiandri
1436 3402 1649 3471 clamoribus
1670 3399 2136 3490 asimplicietnativasen-

108 3494 270 3567 Phaedro
294 3498 431 3588 inquit:
459 3492 526 3567 hac
550 3497 626 3568 idea
647 3499 785 3568 lucente
802 3502 840 3569 in
856 3503 961 3571 nobis
975 3525 1096 3571 sumus
1150 3503 1256 3572 tentia
1273 3501 1393 3585 Pauli,
1418 3528 1525 3593 quam
1542 3498 1722 3572 Lutherus
1744 3501 1953 3584 illustravit,
1979 3512 2015 3568 et
2030 3522 2136 3592 quam

110 3601 192 3669 iusti
207 3614 241 3669 et
256 3600 366 3686 legem
382 3597 581 3686 implemus.
635 3597 763 3669 Nostra
779 3617 873 3675 aetas
889 3599 996 3672 habet
1015 3604 1095 3670 imi·
1148 3601 1325 3673 Ecclesiae
1342 3602 1534 3672 Saxonicae
1550 3604 1694 3685 docent,
1719 3603 1849 3671 abduci
1865 3626 1901 3671 se
1918 3602 2048 3674 sinant.

109 3714 241 3769 totores
260 3691 484 3791 etOrigenis
506 3694 873 3776 etEnthusiastarnm.
924 3701 1094 3774 Monachi
1248 3702 1348 3771 Nova
1377 3703 1684 3797 grandiloquentia
1714 3717 1841 3771 tonans
1875 3717 1909 3771 et
1942 3701 2137 3771 fulminans

111 3797 228 3869 adhuc
249 3800 477 3868 deliramenta
503 3824 565 3868 sua
587 3804 946 3875 mordicusretincnt.
998 3806 1096 3874 Ana·
1149 3797 1339 3875 Osiander
1360 3802 1510 3875 Paulum
1534 3805 1584 3875 sio
1607 3805 1874 3893 interpretatur:
1909 3799 2046 3869 lustitia
2067 3799 2134 3870 Dei

112 3903 280 3991 baptistae
295 3901 425 3970 iactant
444 3902 539 3970 illam
557 3924 654 3969 suam
673 3903 808 3988 ideam,
834 3932 902 3999 qua
925 3909 1096 3976 transfor·
1134 3908 1186 3976 'iu
1202 3905 1398 3995 Evangelio
1415 3907 1608 3990 revelatur,
1634 3904 1796 3974 videlicet
1814 3902 1947 3973 iustitia
1967 3899 2136 3969 essentia-

114 4003 202 4069 mari
223 4025 257 4069 sc
279 4002 494 4088 gloriantur,
527 4015 560 4069 et
583 4003 688 4070 nobis
709 4006 846 4074 rabiose
870 4010 1095 4088 maledicunt,
1149 4011 1202 4080 lis.
1256 4007 1332 4077 lmo
1354 4033 1436 4077 vero
1461 4004 1546 4077 haec
1571 4008 1609 4077 in
1633 4007 1707 4095 lege
1722 4005 1906 4095 patefacta,
1937 4015 1972 4070 et
1987 4024 2082 4069 nunc
2098 4001 2135 4067 in

113 4103 209 4192 quod
227 4103 382 4184 dicimus,
400 4104 463 4170 etsi
482 4104 518 4171 lit
535 4098 712 4173 inchoatio
726 4108 947 4177 obedieutiae
963 4111 1000 4176 in
1017 4134 1094 4177 cor·
1148 4112 1223 4196 lege
1247 4110 1366 4198 patefit
1388 4105 1472 4176 haec
1488 4108 1639 4188 iustitia,
1666 4130 1733 4198 qua
1747 4105 1841 4172 filius
1855 4102 1921 4173 Dei
1941 4126 2005 4171 nos
2021 4105 2137 4184 vestit,

110 4203 220 4270 dibus
235 4226 253 4267 a
268 4201 402 4290 Spiritu
416 4217 546 4282 sancto,
572 4216 689 4273 tamen
703 4209 884 4278 credentes
900 4212 1008 4280 iustos
1023 4234 1094 4278 esse
1148 4214 1285 4278 donans
1305 4210 1409 4277 nobis
1432 4209 1673 4276 remissionem
1687 4221 1907 4297 peccatorum
1927 4220 1961 4277 et
1978 4203 2136 4273 reconci-

107 4314 257 4393 proptcr
286 4303 395 4370 filium
419 4300 502 4387 Dei,
543 4307 668 4375 fiducia
699 4311 980 4403 misericordiae,
1020 4336 1093 4379 nou
1148 4313 1349 4391 liationem,
1383 4333 1488 4400 quam
1509 4309 1638 4377 meruit
1663 4332 1725 4376 sua
1749 4308 1967 4389 ohedientia,
2001 4319 2135 4375 etcum

105 4417 253 4494 propter
274 4404 356 4471 illas
377 4406 657 4479 novasvirtutes.
709 4408 818 4480 Vetus
837 4408 903 4481 hoc
919 4428 1092 4480 certamen
1147 4411 1433 4481 reconciliatione
1465 4410 1572 4477 simul
1602 4408 1825 4498 amplectitur
1854 4430 1918 4475 nos
1946 4407 2020 4497 ipse
2042 4405 2137 4474 lilius

107 4516 176 4589 est,
203 4520 236 4574 et
255 4527 399 4593 semper
421 4504 457 4572 in
479 4503 636 4576 Ecclesia
658 4511 804 4581 fuerunt
824 4514 929 4584 multi
951 4510 1094 4582 Enthu-
1146 4509 1213 4581 Dei
1239 4526 1273 4581 et
1295 4512 1412 4579 reddit
1429 4511 1532 4579 nobis
1546 4510 1675 4581 vitam.
1702 4523 1736 4579 et
1749 4510 1811 4577 dat
1828 4506 1932 4575 nohis
1947 4508 1991 4576 de
2008 4506 2136 4597 spiritu

108 4606 253 4686 sintae,
287 4606 350 4698 qui
377 4606 474 4673 illam
498 4607 685 4695 gloriosam
711 4614 916 4702 sapientiam
938 4629 1094 4684 ostenta·
1146 4639 1222 4686 suo.
1282 4610 1507 4703 Quamquam
1535 4627 1652 4682 autem
1673 4611 1785 4681 renati
1810 4621 1893 4678 sunt
1916 4607 2136 4677 domicilium

106 4718 207 4777 runi·
256 4704 359 4775 Unde
381 4718 416 4775 θῑ
436 4720 537 4777 velus
553 4710 741 4800 descriptio
759 4714 911 4783 institiae
928 4710 1097 4785 recitatur
1145 4714 1229 4783 Dei:
1258 4728 1373 4783 tamen
1396 4714 1509 4782 multo
1533 4713 1646 4807 pluris
1669 4712 1804 4780 faciunt
1820 4710 2057 4779 obedientiam
2071 4708 2136 4776 filii

104 4806 200 4898 apud
218 4796 433 4875 Clementem
441 4804 765 4903 Alexandrinam:
789 4800 1095 4911 dexoeoodrn'loei
1145 4815 1230 4899 Dei,
1255 4838 1360 4906 quam
1377 4809 1439 4882 has
1454 4814 1593 4882 divinas
1607 4813 1759 4883 actiones
1776 4813 1814 4879 in
1832 4808 1925 4900 ipsis.

102 4901 282 4979 κοινωνία
301 4908 394 4979 θεοῦ
405 4905 500 5000 μετὰ
512 4905 690 5004 ἰσότητος.
1185 4964 1188 4969 ,
1249 4916 1344 4989 Utile
1375 4931 1428 4987 est
1455 4915 1676 4985 considerare
1701 4926 1734 4981 et
1760 4904 1920 4980 conferre
1948 4910 2136 4981 dissimiles

205 5006 307 5078 Hanc
331 5011 553 5101 splendidam
577 5006 849 5104 descriptionem
866 5004 1093 5087 admirabau-
1147 5017 1473 5107 interpretationes,
1500 5031 1534 5086 et
1548 5016 1684 5091 videre,
1710 5012 1861 5105 quaesit
1876 5014 2036 5102 proxima
2052 5012 2135 5077 fon-

103 5121 162 5179 tur
179 5102 355 5181 homines.
406 5110 499 5202 Quis
518 5114 614 5183 enim
629 5138 704 5185 non
719 5117 803 5185 velit
821 5117 932 5187 videri
952 5119 1092 5187 divinae
1146 5120 1260 5198 tibus,
1294 5133 1331 5190 et
1357 5131 1528 5202 congruat
1550 5139 1630 5182 cum
1654 5127 1824 5203 perpetuo
1849 5136 2022 5183 consensu
2045 5108 2136 5179 Pro·

100 5223 248 5281 naturae
271 5206 470 5307 particeps?
528 5210 668 5286 Deinde
689 5215 775 5309 quid
799 5217 936 5289 dulcius
960 5233 1093 5288 estno-
1146 5212 1331 5308 phetarum
1360 5233 1397 5287 et
1418 5206 1686 5304 Apostolorum.
1754 5210 1836 5283 Non
1860 5217 2026 5293 obscura,
2059 5232 2134 5280 non

99 5310 196 5378 mine
218 5312 467 5404 aequalitatis?
501 5318 595 5408 qnod
623 5317 764 5409 quidem
788 5331 871 5386 tunc
894 5318 940 5385 ita
964 5320 1093 5407 ampli·
1146 5317 1327 5407 perplexa,
1374 5329 1425 5385 est
1460 5315 1622 5385 doctrina
1650 5328 1851 5387 nostrarum
1884 5310 2136 5393 Ecclesiarum‚

100 5410 218 5481 ficasse
240 5415 410 5525 fanaticos
434 5412 598 5487 homines
619 5418 740 5490 scribit
756 5410 941 5503 Clemens,
965 5432 1006 5489 ot
1027 5422 1093 5487 do-
1144 5430 1284 5512 quaest
1299 5420 1344 5487 de
1356 5417 1572 5510 poenitentia
1587 5418 1693 5511 plan'e
1707 5417 1958 5497 concionatur,
1981 5424 2018 5483 et
2031 5436 2136 5483 mon-
