4776 6024
187 407 237 473 lul
740 300 1017 383 mathca
1047 298 1234 377 VITAE
1265 297 1395 378 mni.
1425 296 1578 398 Ι1656.
2017 346 2020 352 ·
2140 336 2195 389 xv
2251 235 2258 243 ·

193 514 250 583 26·
282 511 463 577 Melanthon
485 531 577 575 suurn
599 512 734 574 rescribit
755 511 904 575 iudicium
926 512 965 575 de
985 514 1085 577 forma
1104 514 1258 577 tamnes
1278 524 1308 575 et
1332 515 1447 573 rituam
1470 505 1671 571 mmera-
1694 508 1895 597 Woli'gmgt,
1930 512 2026 593 Daoi„
2045 520 2195 588 nemrot,

330 629 409 694 Vid.
425 651 475 712 ep.
491 630 521 694 d.
545 635 598 698 ts.
614 626 674 692 lut.
693 639 724 691 et
739 625 897 693 Reisoheri
916 635 1063 716 scriptum
1076 633 1108 699 d.
1123 633 1183 700 25.
1196 627 1272 695 Dec.
1288 626 1320 688 h.
1337 646 1365 688 a.

191 769 248 832 30·
285 763 407 832 Gratias
422 770 484 847 agit
495 761 573 846 Regi
585 760 703 826 Daniae
717 784 772 847 pro
787 779 911 848 accepto
926 767 1078 851 stipendio
1103 757 1350 847 „dotbtcgtlt”
1360 800 1372 837 μ
1381 822 1386 831 ,
1396 756 1522 843 ((1110νὶ1
1543 777 1624 819 ⁸2⁰⁰
1644 766 1715 827 100
1731 736 1909 844 imperiales.
1962 763 2121 832 Eiusmodi
2136 771 2194 833 ‹lo-

342 876 417 950 nnrn
430 898 580 969 acceperat
594 885 667 963 inda
684 887 721 947 ab
735 906 814 947 anno
838 888 941 973 1646.
956 908 973 949 a
987 883 1072 971 Rege
1086 880 1231 963 Daniee.)
1259 924 1261 928 .

164 1014 256 1098 Aug.

221 1156 256 1215 t.
291 1153 343 1218 Est
357 1153 515 1218 Desssriae
532 1169 562 1217 et
577 1154 730 1238 praefatur
743 1157 775 1216 in
788 1155 919 1215 librum:
948 1199 970 1231 „
979 1148 1162 1231 Genealogia
1175 1161 1204 1209 et
1219 1144 1370 1212 Chronica
1385 1141 1437 1206 bed
1452 1136 1573 1225 Qcttltb
1590 1141 1729 1221 bubalis

225 1284 260 1348 ⁶·
291 1294 379 1360 Redit
392 1292 614 1375 Witehergmn.

208 1418 278 1543 η]
291 1428 416 1494 Scribit:
453 1431 543 1506 „iam
565 1426 706 1489 hiemat
730 1424 792 1485 dno
813 1414 1164 1503 Sarromlgteanm,
1194 1416 1298 1493 missi,
1331 1426 1366 1475 ut
1388 1426 1538 1493 pastorem
1552 1408 1701 1475 Ecclesia
1722 1434 1794 1475 strae
1807 1414 1935 1476 indicari
1955 1426 2066 1498 petant.
2117 1415 2197 1479 Petit

272 1548 275 1559 '
339 1552 430 1610 etan
462 1567 480 1606 a
510 1546 599 1630 nobis
632 1565 671 1607 ex
696 1540 824 1606 Polonia
856 1536 966 1605 comer
996 1540 1033 1599 ab
1065 1532 1221 1617 Ostorog,
1262 1531 1393 1593 i'ormant
1423 1531 1481 1589 sihi
1519 1532 1600 1591 mitti
1633 1527 1784 1595 ΕωΙοιΙιο
1816 1545 1935 1595 noema
1967 1546 1997 1597 et
2030 1533 2194 1597 contemto.

339 1684 421 1725 nem.

197 1785 255 1849 2⁰·
290 1795 478 1880 Igla'e‘nsibus
490 1796 620 1857 mittitur
635 1791 748 1858 Pastor.
1160 1872 1164 1877 Ι
1627 1872 1630 1877 ¹

197 1917 257 1982 2⁸·
291 1925 436 1991 Editnrns
451 1938 495 1991 est
507 1921 687 1990 Melanthcn
699 1921 817 2009 aliquid
828 1936 934 1986 eontra
946 1916 1104 1997 Flaoium,
1132 1913 1287 1999 Gonyzam
1303 1912 1511 1991 Lithuarmm,
1536 1929 1566 1978 et
1582 1914 1692 1979 canisii
1710 1920 1918 2000 blasphemias.

172 2058 259 2146 &tt-

226 2200 260 2264 t.
292 2191 416 2278 Accipit
428 2194 467 2255 ab
483 2189 631 2270 Alberto,
651 2186 740 2253 Duce
753 2185 909 2267 Prassiae,
928 2208 1009 2253 nora
1029 2189 1159 2268 scripta,
1182 2195 1218 2247 ut
1231 2183 1269 2245 de
1279 2186 1319 2246 iis
1332 2185 1454 2246 iudicet.

292 2326 463 2413 Epistolam
474 2327 724 2409 nuncupatoriam
739 2328 774 2388 in
787 2323 945 2389 Helmoldi
965 2325 1123 2387 historiam
1139 2317 1317 2396 Slarorum,
1340 2339 1358 2377 a
1374 2314 1588 2382 Schoerckelio
1607 2323 1734 2400 editam,
1762 2327 1864 2384 scribit
1881 2323 1919 2385 ad
1935 2320 2081 2386 loannem
2097 2322 2201 2387 Fride-

348 2448 464 2520 ricnm,
487 2440 606 2505 Dncetn
627 2443 831 2506 temerariae.

232 2581 269 2648 4.
303 2569 377 2635 Mel.
394 2574 520 2653 graviter
533 2572 692 2652 respondet
706 2571 809 2633 lucto
826 2567 960 2652 Illyrico.

231 2719 267 2777 7.
300 2701 427 2786 Accipit
440 2706 552 2766 librum
566 2702 665 2767 Flesti
675 2724 791 2766 nomm
803 2701 952 2781 ,mactet
965 2694 1133 2783 dirigiat?
1148 2713 1221 2780 eto,
1244 2704 1296 2762 ubi
1308 2700 1427 2762 Flaoius
1442 2705 1470 2761 ei
1481 2702 1667 2762 conditiones
1683 2705 1765 2783 pacis
1781 2708 1914 2784 scripsit,
1942 2727 2018 2787 quae
2030 2707 2125 2767 Flaoii
2143 2710 2204 2767 im-

349 2820 496 2903 pudentia
514 2822 721 2883 adootoribus
743 2833 774 2882 et
795 2822 978 2882 scholasticis
991 2819 1273 2901 Witehergensihus
1295 2823 1456 2901 aegerrime
1473 2820 1577 2880 fertur.
1628 2817 1781 2884 Prodeant
1796 2824 1876 2883 varia
1898 2827 2029 2884 carmina
2043 2828 2076 2885 in
2095 2839 2205 2887 contu·

349 2941 472 2999 meliam
479 2938 689 3001 Flaoianomm
703 2943 823 3021 scripta,
842 2959 971 3030 qnorpm
985 2937 1046 2999 duo
1060 2940 1208 3019 elegantia
1223 2950 1382 3017 praestant,
1408 2939 1499 3002 ridel.
1519 2986 1539 3016 „
1549 2937 1677 3017 synodus
1694 2943 1794 3000 ovium
1810 2954 1931 3003 auctore
1946 2938 2081 3004 Iohanne
2090 2940 2206 3005 Maiore.

349 3050 547 3134 Ioachimo'’,
573 3054 656 3140 quod
669 3054 760 3120 habes
771 3060 804 3118 in
822 3054 950 3141 Scriptis
972 3057 1104 3138 publicis
1115 3053 1302 3117 eademne
1315 3055 1437 3121 Witeb.
1459 3056 1499 3120 T.
1512 3052 1577 3118 Ill.
1604 3080 1634 3139 p.
1652 3065 1705 3136 8.,
1731 3071 1761 3121 et
1786 3107 1806 3138 „
1817 3058 1948 3138 ldyllion
1967 3063 2002 3124 de
2020 3059 2206 3122 Philomelo”

351 3172 426 3235 ibid.
443 3194 475 3253 p.
493 3157 577 3241 10³.

209 3305 269 3367 tt.
303 3304 429 3368 Carolus
444 3302 551 3371 Caesm
566 3327 606 3368 ex
620 3302 746 3388 Belgica
761 3310 881 3388 navigat
898 3310 932 3367 in
946 3305 1137 3389 Hispaniam.

208 3438 269 3501 20.
302 3436 481 3502 Melanthon
499 3439 537 3500 de
550 3442 655 3502 calceis
670 3453 700 3502 et
713 3440 853 3502 sandaliis
865 3453 1002 3503 veterum
1014 3441 1174 3523 respondet
1187 3438 1411 3510 Buohlrolzero.

303 3568 400 3632 Mittit
411 3574 563 3652 pagellam
577 3572 615 3631 de
633 3571 797 3633 mediatore
809 3569 965 3651 (adversus
983 3570 1163 3654 canisium).
1291 3550 1296 3558 ’

214 3705 271 3767 to.
305 3700 436 3765 Mittitur
448 3701 639 3767 Melanthoni
654 3706 690 3765 ab
702 3709 770 3767 aula
787 3702 935 3768 Electoris
951 3703 1078 3768 Saroerii
1089 3727 1234 3789 magnum
1249 3711 1409 3781 volumen,
1439 3721 1471 3768 ut
1486 3707 1625 3768 arumde
1641 3703 1838 3764 eoirtdioium
1855 3705 1938 3763 aulae
1953 3705 2107 3781 significet.

213 3833 272 3898 27.
305 3832 436 3898 Sabinus
450 3848 493 3897 est
504 3834 712 3917 Witebergae.

207 3990 279 4057 Oct.

250 4131 283 4188 1.
315 4096 386 4175 Mel.
402 4116 548 4196 praefatur
563 4120 597 4176 in
613 4113 705 4181 Tom.
719 4112 796 4178 Vll.
815 4136 888 4196 opp.
901 4111 1032 4176 lntheri
1044 4120 1206 4177 latinorum
1229 4118 1266 4177 ad
1281 4116 1460 4178 Barnimum
1469 4164 1479 4200 ,
1507 4111 1624 4175 Ducem
1639 4113 1841 4175 l‘omeraniee.

244 4262 279 4322 2,
314 4240 454 4326 Lipsiam
466 4251 659 4326 proficiscitur
670 4248 709 4308 ad
723 4248 882 4309 nundinas.

245 4393 279 4456 8,
313 4374 465 4440 Peucerus
481 4394 510 4440 et
526 4376 707 4444 Camerarius
722 4379 941 4463 Norinbergam
954 4386 1191 4464 proficiscuntur.

223 4527 278 4589 13.
311 4509 410 4575 Mittit
422 4511 583 4595 Augusto,
609 4513 688 4598 Regi
702 4512 866 4594 Poloniaa,
890 4520 1066 4597 exemplum
1080 4517 1275 4579 confessionis
1292 4512 1468 4577 Saxonioae.

222 4659 281 4723 23,
311 4642 390 4708 Loci
401 4647 570 4728 theologici
587 4653 748 4730 germanici
761 4654 871 4712 iterum
885 4651 1023 4712 eduntur.

223 4788 282 4855 25.
315 4775 425 4840 Scribit
439 4785 677 4862 propositiones,
705 4784 741 4844 de
758 4787 867 4866 quibus
884 4781 1013 4846 Conrad.
1032 4781 1148 4846 Becker
1165 4788 1283 4866 publice
1300 4796 1343 4843 est
1360 4782 1575 4859 disputaturus.

223 4927 280 4987 26.
313 4909 529 4993 Pi'eillngerus,
554 4912 660 4976 Pastor
673 4911 857 4998 Lipsiensis,
883 4917 1079 4998 Witebergae
1095 4932 1138 4980 est
1151 4922 1182 4979 in
1201 4938 1288 4980 causa
1304 4914 1401 4977 Paoei.

115 5090 142 5248 p
315 5040 468 5107 Sententia
487 5044 768 5130 Witebergensium
782 5052 818 5111 de
833 5049 940 5114 Paceo.

196 5166 279 5232 Mor.
404 5166 412 5181 ⁴

245 5307 279 5369 9.
296 5292 414 5399 ,Niooh
427 5296 557 5378 Galltss,
583 5296 688 5363 Pastor
701 5299 945 5377 Ratisbonensis,
968 5302 1070 5361 scribit
1086 5301 1124 5361 ad
1135 5295 1363 5362 Melanthorrem
1378 5303 1415 5361 de
1431 5303 1525 5359 libero
1543 5300 1673 5358 arbitrio.

295 5406 301 5525 ἰ
315 5425 464 5510 Sabinus,
490 5428 696 5519 Melanthonis
710 5457 817 5519 gener,
843 5447 997 5500 moratur
1015 5436 1048 5496 in
1063 5431 1258 5497 Academiam
1274 5433 1563 5517 Regiomontanam,
1589 5447 1675 5494 aucto
1694 5430 1856 5511 stipendio.

234 5548 412 5615 hlium
428 5548 531 5614 Orrn.
557 5546 644 5617 Vos..
659 5550 750 5620 Vm.
1561 5572 1580 5613 c
