4776 6024
240 154 314 229 ess
801 138 1239 223 srrsroranuu
1295 146 1400 226 orn.
1440 126 1541 230 xic
1593 144 1728 227 csso.
2195 152 2278 233 sss

242 342 334 398 stros
349 320 469 416 pellit,
495 332 556 390 ant
569 317 756 410 praeficere
768 328 862 389 certe
874 333 1023 393 recusat.
1060 316 1231 392 Nestor·
1283 319 1350 395 No.
1364 317 1478 396 6738.
1658 336 1680 345 ''
1919 326 2276 420 (sareulis-ru.)

244 429 371 498 bamus
399 422 579 506 ordinem,
608 443 650 490 eo
667 422 774 515 ¹‹Jsrod
805 442 825 491 a
853 423 1030 516 tyrannis,
1064 422 1232 515 quisunt
1290 416 1462 446 Μ
1902 422 2268 467 Μ

246 540 344 617 extra
365 521 578 604 Ecclesiam,
603 545 677 589 non
699 521 852 613 petimus
871 523 1055 595 ministros
1067 520 1233 613 Evange-
1552 505 1703 594 [omit.
1726 507 2007 597 camerario.

246 629 299 701 lii.
350 624 440 697 Nam
464 622 601 692 ordinis
622 624 783 694 confusio
809 637 897 693 esset
917 625 1052 716 a‘lupis
1077 639 1234 716 pastores
1355 643 1438 718 epto.
1456 644 1490 701 sd
1505 646 1646 703 mosen.
1662 647 1763 733 poso.
1782 632 2221 721 <ed.1.oo‹t.tu.1tr.2'p.ass‚a,
2246 681 2281 696 -

246 742 375 825 petere.
427 724 576 815 Semper
596 720 664 795 boe
685 725 740 795 ius
762 748 864 795 verae
878 721 1058 796 Ecclesiae
1079 727 1148 799 suis
1169 750 1234 794 vo.
1391 713 1491 837 uerutis
1512 714 1806 841 eddtsortepruotsdnzn
1830 717 1863 770 ad
1883 716 2281 846 snpep⁴rsss¹„¹ffi;r,3„

247 822 345 912 care,
378 838 412 896 et
442 824 570 915 eligere
598 850 640 895 ex
664 848 728 898 suo
754 841 857 897 coetu
881 826 1029 899 idoueos
1049 824 1235 918 Evangelii
1390 802 1513 907 'analabum
1554 802 1631 853 oce,
1655 803 1713 839 ⁸⁸¹⁰
1752 802 1824 839 ’ω
1842 804 1901 841 ‘⁸⁸⁸
1941 822 1949 839 '
2006 804 2086 843 ‘⁷²’
2229 809 2282 847 ‘⁸⁰

247 929 455 1047 ministros,
486 940 527 1045 ut
543 950 706 1045 expresse
715 925 851 1046 'scribit
875 927 1052 1056 Synodus²
1064 927 1236 1013 Nicaena;
1290 978 1516 1061 Clarissimo
1538 986 1617 1061 vim
1640 986 1844 1061 mmm
1865 999 1897 1062 el
1922 989 2053 1063 virtute
2145 1003 2198 1067 m
2224 996 2283 1067 Μ.

248 1046 286 1105 et
299 1031 427 1099 electos
443 1029 576 1098 rudrcro
590 1025 768 1098 Eccleuae
782 1052 821 1097 ac
838 1031 1035 1118 exploratos
1053 1026 1089 1125 ⁸)
1106 1029 1238 1100 confir·
2071 1015 2143 1090 W
2197 1012 2224 1067 θ
2266 1022 2280 1067 ⁸

248 1133 394 1205 mebant
408 1154 482 1201 non
491 1124 636 1200 ttthnici
653 1130 814 1224 tyranni,
829 1131 891 1198 sed
902 1131 956 1200 illi
975 1131 1038 1224 qui
1052 1141 1238 1224 praeerant
1391 1085 1637 1162 1⁰⁶⁶him⁰
1661 1078 1727 1161 σα
1735 1118 1784 1168 ”’·
1805 1091 1929 1191 imm·
1951 1117 2021 1165 ³¹¹⁰
2046 1094 2179 1173 ‘miss’

249 1235 292 1305 in
313 1227 534 1304 Ortbodosis
555 1226 734 1301 Ecclesiis.
785 1228 857 1300 llic
882 1255 960 1302 mos
983 1245 1085 1304 vetus
1103 1245 1137 1303 et
1158 1230 1239 1324 pius
1290 1205 1342 1297 S·
1368 1217 1413 1290 D.
1465 1218 1747 1313 UtArgonautae
1763 1224 1803 1294 in
1815 1222 1981 1320 Syrtibus
2000 1221 2210 1312 haeserunt,
2231 1232 2279 1303 ila

251 1359 333 1408 cum
353 1333 445 1426 apud
476 1354 541 1402 nos
561 1343 738 1415 servetur,
768 1330 996 1405 falsissimum
1015 1335 1152 1405 crimen
1178 1343 1240 1416 est,
1293 1344 1357 1415 ²8⁰
1381 1322 1419 1391 5¹¹
1442 1314 1508 1393 hac
1530 1323 1585 1393 vlt
1611 1318 1759 1409 hamo,
1790 1351 1871 1395 cern.
1898 1328 2105 1421 quidemst
2137 1334 2282 1423 negocia

253 1436 314 1531 qui
329 1435 454 1505 dicunt
469 1459 489 1503 a
507 1429 665 1529 vobis¹⁴)
681 1432 845 1503 ordinem
861 1435 1008 1510 turbari,
1059 1432 1151 1509 Cum
1173 1432 1241 1524 igi.
1291 1420 1384 1494 mibi
1403 1424 1535 1494 multos
1550 1425 1691 1496 dolores
1705 1428 1898 1502 attulerint.
1949 1426 2040 1501 Cum
2064 1434 2283 1505 venissemus

252 1553 314 1609 tur
338 1549 374 1606 et
394 1536 437 1605 ad
456 1545 606 1603 vestram
624 1533 901 1606 consolationem
916 1538 1008 1606 etad
1027 1538 1241 1608 confirman-
1293 1527 1339 1597 ad
1356 1526 1492 1610 aulam,
1515 1526 1583 1596 tria
1598 1531 1712 1617 capita
1731 1530 1910 1622 proposita
1931 1545 2033 1617 sunt,
2056 1533 2213 1624 primum
2237 1538 2284 1605 de

255 1641 321 1711 dos
339 1636 519 1707 auditores
542 1649 675 1704 vestros
692 1635 804 1726 prosit
816 1638 1059 1721 considerare,
1084 1659 1171 1731 quas
1194 1638 1241 1706 ob
1294 1623 1778 1719 inspectioneEcclesiarum,
1793 1632 1838 1701 de
1853 1656 1923 1720 oua
1940 1632 2101 1705 dicebant
2116 1636 2284 1723 formam,

254 1759 376 1811 causas
392 1736 430 1806 in
446 1759 509 1805 vos
524 1734 669 1805 saevitia
689 1749 907 1820 exerceatur,
931 1752 965 1808 et
989 1740 1118 1832 quibus
1142 1762 1243 1831 prae.
1294 1743 1336 1800 ut
1350 1732 1554 1815 nominant,
1575 1729 1820 1801 instructionis
1834 1734 1940 1803 nobis
1954 1735 2177 1805 indicandam
2193 1760 2281 1807 csse.

253 1838 409 1913 textibus
423 1837 459 1916 id
475 1836 551 1922 liat3
574 1836 779 1906 universum
794 1838 977 1909 doctrinae
990 1863 1118 1927 corpus
1132 1854 1166 1909 et
1179 1864 1244 1909 vo·
1295 1827 1459 1903 Alterum
1483 1845 1558 1901 erat
1589 1833 1716 1918 breve,
1749 1834 1793 1902 de
1817 1836 2047 1907 consistoriis.
2106 1835 2285 1921 Tertium,

253 1940 310 2013 bis
325 1952 358 2011 et
371 1937 504 2031 populo
517 1958 621 2028 saepe
637 1937 836 2028 proponite.
888 1937 962 2009 Vos
978 1941 1044 2031 ipsi
1056 1963 1244 2010 aerumnas
1296 1945 1335 2002 ut
1350 1944 1510 2001 nostrum
1527 1932 1699 2002 iudicium
1718 1937 1982 2007 ostenderemus
1998 1939 2041 2007 de
2053 1935 2202 2007 Colonia
2220 1942 2285 2008 ad-

254 2041 389 2113 maiore
420 2037 623 2109 animorum
654 2038 909 2133 tranquillitate
931 2042 1129 2132 perferetis,
1164 2066 1243 2111 curn
1296 2035 1368 2102 dita
1395 2027 1535 2102 scholae
1559 2032 1744 2109 Misnensi.
1795 2033 1920 2108 Postea
1945 2063 2025 2108 cum
2047 2038 2286 2131 flagitaremus

256 2141 456 2233 cogitabitis
471 2140 510 2208 in
526 2162 589 2209 vos
603 2138 772 2209 iniustam
789 2141 969 2210 saevitiam
995 2143 1146 2212 exerceri
1170 2166 1243 2212 non
1298 2133 1496 2225 exemplum
1526 2135 1792 2218 instructionis,
1826 2161 1932 2208 nemo
1962 2140 2160 2235 qrridquam
2186 2166 2286 2213 com-

254 2257 403 2337 propter
423 2240 579 2333 privatas
599 2263 740 2323 causas,
769 2243 829 2311 sed
858 2243 942 2336 quia
963 2245 1161 2314 doctrinam
1185 2266 1245 2311 ve-
1299 2249 1473 2327 posuerat.
1510 2233 1637 2307 lubeat
1651 2236 1779 2327 igitur,
1800 2252 1841 2309 ut
1855 2264 1917 2331 rgo
1935 2264 2158 2334 componam.
2187 2242 2286 2314 Seri-

257 2336 336 2417 s'am
356 2355 392 2413 et
412 2340 640 2412 necessariam
659 2343 704 2411 de
719 2338 796 2413 Deo
811 2342 869 2435 pie
886 2346 1000 2416 vocati
1017 2347 1062 2417 ab
1078 2341 1246 2416 Ecclesiis
1299 2338 1352 2430 psi
1373 2338 1524 2407 formam
1545 2337 1684 2427 subito,
1716 2362 1806 2434 quae
1828 2342 1999 2432 postridie
2022 2343 2111 2415 lecta
2137 2346 2177 2414 in
2196 2368 2284 2415 eon·

257 2443 447 2528 docuistis,
473 2455 507 2513 et
527 2441 649 2535 quaeri
676 2443 781 2513 falsos
802 2459 1001 2538 praetextus
1015 2449 1059 2517 ad
1081 2470 1157 2516 eam
1179 2469 1247 2538 op·
1298 2462 1415 2524 sessu,
1447 2441 1674 2530 comprobata
1699 2454 1765 2525 est.
1828 2439 1882 2513 De
1917 2441 2137 2517 Consistorio
2170 2458 2287 2537 vestro

258 2546 494 2641 primendam.
550 2541 687 2614 Multos
711 2544 816 2613 etiam
839 2546 877 2617 in
894 2549 1026 2640 populo
1044 2547 1248 2618 considera·
1299 2539 1424 2610 Pastor
1438 2542 1611 2630 quaedam
1626 2541 1831 2621 annotavit,
1857 2546 1901 2615 rle
1914 2542 2064 2617 Colonia
2086 2571 2178 2618 nova
2194 2540 2289 2619 nibil

257 2641 450 2719 tiolrarum
467 2666 651 2716 cansarum
666 2648 825 2717 movebit
839 2646 930 2745 et'⁵)
949 2649 1190 2734 confirmabit,
1214 2662 1249 2719 et
1299 2640 1477 2732 respondi.
1536 2639 1662 2713 Pastor
1686 2647 1859 2738 quaedam
1892 2646 1974 2717 salis
2004 2646 2158 2739 ingenue
2189 2649 2290 2723 dixit»

260 2763 304 2822 ut
320 2746 518 2817 doctrinam
541 2758 743 2815 constanter
761 2748 1036 2840 amplectantur,
1069 2766 1102 2821 et
1123 2747 1249 2821 Ecclc-
1301 2741 1445 2812 Tertius
1462 2742 1537 2812 dies
1551 2759 1756 2815 consumtus
1772 2758 1825 2819 est
1844 2747 1883 2817 iu
1898 2746 2049 2843 Discoui
2063 2740 2291 2845 Fribcrgeu·

263 2851 332 2919 sias
347 2850 467 2920 [overe
483 2861 517 2918 ct
533 2846 626 2916 tueri
643 2851 817 2920 studeant.
1300 2841 1354 2914 sis
1368 2839 1514 2942 rixis),
1539 2845 1602 2938 qui
1619 2844 1770 2918 incurrit
1791 2848 1948 2941 asperius
1967 2848 2006 2919 in
2029 2873 2148 2921 murm
2166 2848 2291 2925 Pasto-

362 2947 460 3018 Haec
488 2949 531 3016 ad
554 2970 616 3016 vos
646 2949 801 3019 breviter
825 2949 1049 3039 scripsimus,
1083 2968 1123 3022 ut
1156 2952 1248 3021 allici
1303 2970 1376 3015 rem
1393 2941 1568 3039 περὶτῶν
1584 2939 1815 3043 ἀδιαφόρων.
1868 2949 1999 3043 Scripsi
2017 2952 2123 3025 uum
2141 2976 2291 3046 respon·

257 3071 328 3120 nos
343 3063 377 3120 et
393 3062 509 3118 vestro
531 3060 563 3117 et
579 3043 818 3118 Ecclesiarum
840 3066 1034 3121 vestrarum
1049 3054 1173 3123 dolore
1193 3055 1251 3122 in·
1302 3051 1438 3117 sionem
1462 3046 1689 3118 inserendam
1717 3049 1844 3129 litteris
1866 3049 2044 3146 Principis
2076 3054 2121 3125 ad
2146 3048 2290 3125 Ducem

262 3149 485 3239 telligeretis,
512 3160 545 3217 et
567 3172 710 3217 oramus
733 3150 846 3220 lilium
861 3149 948 3237 Dei,
973 3154 1061 3223 cunr
1076 3157 1121 3225 sit
1142 3148 1251 3254 λόγος
1303 3142 1506 3227 Praestas,
1521 3150 1585 3242 qui
1600 3148 1687 3242 petit
1702 3146 1884 3242 prohiberi
1903 3151 2078 3225 editiones
2094 3169 2131 3227 et
2146 3156 2290 3227 concio-

130 3313 134 3317 ,
262 3251 397 3323 aeterni
423 3246 557 3332 Patris,
583 3250 755 3320 serverin
776 3252 1252 3343 multisregionibusEvan-
1304 3274 1385 3336 nes,
1409 3249 1449 3318 in
1466 3251 1595 3342 quibus
1610 3253 1742 3323 mentio
1759 3250 1800 3323 fir
1813 3252 2043 3327 dissensionis
2060 3254 2225 3327 Balticae.

249 3351 348 3443 ‚getii
365 3351 620 3433 ministerium,
646 3364 678 3419 et
694 3374 759 3421 nos
778 3366 813 3423 et
835 3378 898 3425 vos
913 3357 1056 3438 doceat,
1081 3360 1251 3447 gubernet
1405 3348 1510 3421 Nunc
1531 3352 1626 3443 apud
1639 3344 1911 3450 Fabricium²)
1934 3370 2074 3450 expecto
2096 3358 2307 3427 adventumv

265 3468 301 3525 et
316 3464 486 3543 protegat.
539 3447 611 3522 Ubi
627 3452 731 3522 etiam
748 3448 981 3547 hospitalibus
996 3458 1122 3528 officiis
1139 3460 1250 3529 lenire.
1304 3447 1496 3536 Slainicii,
1519 3476 1627 3548 quern
1640 3453 1744 3527 iussit
1751 3448 1956 3553 Achates⁸)
1968 3456 2097 3531 acceru
2110 3456 2291 3548 inspectu·

264 3554 368 3625 vobis
392 3551 492 3623 exilii
511 3575 698 3622 aerumnas
722 3556 932 3646 poterimus,
963 3583 1036 3630 non
1068 3562 1252 3631 defuturae
1308 3577 1386 3624 rrrm
1401 3548 1581 3640 scholam,
1605 3559 1892 3629 uectamenscio
1907 3582 1972 3631 cur
1986 3560 2150 3633 retineor.
2194 3556 2294 3631 Haec

266 3668 349 3726 sunt
381 3653 483 3725 vobis
516 3646 583 3723 hae
616 3655 813 3725 vicinarum
848 3660 1033 3749 regionum
1065 3657 1254 3734 Ecclesiae.
1307 3655 1467 3726 narrabit
1484 3652 1608 3727 Pastor
1627 3655 1821 3751 aliquando
1843 3659 2042 3754 copiosius,
2070 3662 2135 3734 etsi
2150 3655 2216 3733 ἀπ’
2235 3657 2297 3758 ἔρ·

266 3753 365 3826 Bene
381 3756 504 3826 valete.
554 3750 741 3854 [Drcsdae]
754 3752 799 3855 ¹⁸)
825 3755 948 3831 ldibus
967 3760 1071 3833 Febr.
1092 3759 1203 3839 1556.
1305 3779 1388 3857 yser
1405 3752 1449 3828 oti
1463 3760 1590 3831 actor
1607 3752 1677 3831 oda
1692 3757 1794 3834 iissre
1808 3758 1876 3857 imp
1889 3754 1997 3834 nutui.
2045 3760 2100 3835 De
2116 3776 2296 3835 conventu

677 3854 828 3929 loannes
842 3858 1050 3951 presangas,
1076 3862 1121 3940 D,
1132 3862 1175 3959 ¹²)
1308 3851 1530 3952 Augustam
1542 3883 1634 3954 quae
1647 3860 1719 3931 sint
1735 3876 1769 3935 et
1783 3858 2032 3957 παρασκευαὶ,
2048 3877 2082 3934 et
2096 3862 2300 3955 opiniones,

674 3956 808 4027 Daniel
824 3956 1048 4055 Greysserus.
1309 3958 1470 4030 existimo
1492 3984 1556 4030 vos
1578 3960 1657 4031 istic
1680 3958 1812 4035 habere
1832 3979 1866 4035 et
1898 3964 2031 4036 litteras
2058 3978 2094 4037 et
2115 3988 2299 4036 sermones

681 4055 857 4151 Casparus
874 4060 1062 4156 Zeynerus.
1307 4061 1514 4134 multorum.
1571 4058 1669 4134 liene
1693 4078 1727 4137 et
1747 4065 1898 4137 feliciter
1921 4046 2015 4152 v'ale,
2045 4058 2300 4181 &Fabricii

684 4158 891 4231 Antbonius
906 4162 1138 4235 Lauterbach.
1311 4160 1471 4233 Musaeo.

679 4255 869 4354 Pbilippus
884 4261 1107 4338 Melanthos.
1657 4322 1661 4327 -
2049 4260 2250 4364 Philippus.

679 4359 856 4453 Georgius
870 4363 1007 4451 Maior,
1033 4365 1077 4441 D.

684 4460 837 4535 loannes
851 4465 1052 4554 Porsterus,
1076 4464 1123 4543 D.
1943 4504 1947 4511 ·

681 4559 884 4637 Alexander
901 4567 1060 4658 Alesios,
1083 4566 1129 4644 D.
1311 4592 1378 4665 No,
1392 4590 1505 4666 5759,
2147 4610 2205 4675 27,
2216 4605 2302 4670 ng,

679 4661 920 4763 Hieronymus
934 4666 1090 4765 Opitius.
1323 4690 1536 4730 m
2162 4686 2300 4733 saw

674 4760 900 4850 Christianus
915 4773 1135 4864 Sagittarius.
1662 4742 1967 4836 Scholasticis·

311 4887 314 4892 ·
1383 4878 1490 4956 Scripta
1509 4882 1684 4955 pertnent
1706 4885 1795 4943 Vtut.
1818 4886 1851 4949 Τ.
1867 4887 1899 4947 ll.
1915 4888 2010 4959 licii.
2028 4915 2077 4957 -ι
2097 4884 2304 4945 ldalsstbonern

311 4946 353 5014 ts)
373 4945 428 4999 Pro
447 4965 481 5000 os
493 4946 606 5011 ceptor.
620 4941 703 5001 Pauo.
719 4940 816 5001 habete
829 4948 989 5014 approbant
1001 4954 1037 5000 et.
1416 4959 1541 5006 sutorem
1560 4971 1619 5010 osse
1641 4972 1723 5010 nemo
1747 4974 1804 5010 non
1825 4956 1913 5030 ridet,
1931 4968 2050 5031 utputo.
2083 4954 2308 5014 warboda-

310 5033 353 5097 14)
371 5031 456 5087 Peuc.
474 5033 564 5091 uobis.
1316 5067 1540 5086 ---

311 5117 355 5184 15)
374 5117 496 5169 movebit
515 5120 557 5181 et]
575 5114 677 5170 addunt
694 5112 780 5172 Pauo·
799 5124 826 5169 et
845 5114 906 5172 eod
919 5112 1004 5170 Goth.
1024 5114 1082 5171 190.
1351 5120 1382 5185 1)
1395 5118 1460 5175 Vid.
1477 5120 1567 5192 epod
1585 5118 1750 5178 wettrem
1764 5120 1794 5180 el.
1810 5123 1853 5178 12.
1867 5120 1948 5181 Febr·
1962 5125 2040 5187 tras.
2071 5104 2077 5109 ¹

314 5201 357 5256 161
379 5200 461 5253 elddit
474 5202 527 5254 lroc
540 5196 625 5252 Peuc-
1348 5202 1376 5270 ς)
1395 5202 1518 5262 mmm.
1786 5212 1804 5223 ..

318 5286 361 5356 17)
381 5285 453 5341 llaec
467 5285 580 5340 nomios
592 5284 745 5354 ssbsmipta
760 5283 888 5355 leguntur
901 5283 929 5338 io
943 5284 1006 5343 cod.
1021 5282 1104 5343 Goth.
1117 5285 1178 5342 19⁰.
1348 5284 1379 5353 8)
1399 5286 1543 5342 Mordisio.

387 4882 497 4894 aua—.-
