4776 6024
183 252 259 329 att
761 240 1198 325 aetstotmtttJM
1232 232 1360 327 fult.
1389 242 1475 324 llll.
1523 242 1659 320 1604.
2142 252 2223 329 ate

192 422 351 496 ordinati
382 420 599 499 ministerio,
650 432 684 491 et
720 419 826 491 faciat
867 433 910 489 ut
942 420 989 490 sit
1017 418 1179 491 salutare.
1234 437 1299 505 ego
1322 414 1413 487 istnc
1440 414 1680 501 accessissem,
1712 418 1775 489 scd
1793 409 1902 490 bodie
1922 440 1980 489 me
2006 420 2137 495 retinet
2161 426 2226 495 de-

192 524 314 617 lpsum
337 522 443 593 etiam
465 516 655 589 Andream
679 513 898 591 Galbanum
930 536 965 592 et
987 519 1181 593 Ecclesiam
1233 516 1414 609 sponsatio
1427 509 1619 588 Iohannis
1633 510 1813 606 Latheri,
1836 544 1902 591 nec
1915 534 2075 613 poteram
2095 518 2226 597 habere

191 649 291 696 suam
307 618 511 708 hortamur,
530 634 570 691 ut
587 622 770 693 doctrinae
784 623 977 714 puritatem
994 624 1181 693 retineant.
1233 619 1413 707 aurigam,
1446 642 1527 690 cunr
1554 617 1704 712 plurimi
1726 620 1801 691 iam
1832 622 1878 690 ad
1911 637 2105 694 mercatum
2126 624 2228 699 Nao-

191 724 284 796 Vere
309 725 405 793 enim
432 724 484 794 ibi
509 737 561 794 est
579 719 737 793 Ecclesia
760 720 849 809 Dei,
882 725 945 793 ubi
978 738 1083 793 sonat
1113 747 1182 792 vox
1232 718 1444 809 burgensem
1474 720 1754 813 proficiscantur.
1817 718 1872 792 Te
1904 747 2054 815 quaeso,
2085 739 2127 797 ut
2158 725 2226 800 hos

190 822 379 914 Evangelii
396 824 621 916 incorrupta,
648 848 730 895 vere
746 825 798 895 ihi
816 826 877 896 dat
889 822 986 895 Deus
1003 839 1181 894 aeternam
1234 814 1390 909 hospites
1410 821 1465 891 tui
1484 822 1765 908 amantissimos,
1794 823 1958 914 excipias.
2015 823 2136 899 Hodie
2160 854 2227 901 au-

191 927 367 997 iusticiam
387 940 422 997 et
444 927 570 1011 vitam,
603 949 685 996 vere
708 927 850 996 exaudit
874 940 908 996 et
929 926 1103 1014 gubernat
1124 923 1182 990 in·
1232 921 1308 989 divi
1323 914 1565 992 Marchionis
1579 916 1727 993 Alban·
1738 925 1929 995 exercitum
1943 948 2017 996 esse
2029 927 2069 998 in
2085 931 2225 1003 ditione

191 1041 356 1098 vocantes
389 1029 523 1117 ipsum,
555 1026 694 1122 mitigat
716 1026 823 1121 etiam
855 1047 1042 1096 aerumnas
1072 1020 1181 1094 buius
1232 1018 1505 1110 Brunsvicensi,
1533 1038 1568 1093 et
1583 1047 1730 1114 magnas
1744 1026 1961 1098 vastationes
1977 1029 2102 1103 iacere.
2143 1029 2224 1104 Oro

192 1129 303 1213 vitae,
337 1141 372 1198 et
402 1129 443 1197 in
471 1130 524 1197 ira
557 1128 763 1197 recordatur
794 1126 1058 1196 misericordiae
1088 1149 1182 1195 suae.
1231 1122 1343 1192 filium
1359 1124 1487 1209 dei‚ut
1501 1125 1612 1197 leniat
1624 1148 1769 1219 poenas.
1803 1124 1903 1198 Bene
1917 1130 1996 1201 vale
2011 1144 2046 1201 et
2059 1135 2223 1211 rescribe.

193 1228 314 1317 Quare
337 1229 471 1322 inquit:
506 1226 545 1299 si
572 1227 773 1298 manseritis
795 1228 835 1297 in
851 1251 907 1296 me
924 1240 960 1298 et
974 1227 1082 1298 verba
1103 1249 1181 1295 mea
1231 1222 1291 1293 die
1304 1222 1424 1299 XXV.
1436 1222 1544 1301 lunii.
1639 1304 1644 1315 ,
2073 1220 2080 1229 ’

192 1330 234 1398 in
248 1329 351 1399 vobis
363 1330 577 1415 manserint,
601 1328 778 1423 quidquid
793 1326 979 1399 volueritis
1001 1326 1127 1419 petetis
1147 1339 1183 1398 et

192 1431 254 1501 fiet
269 1430 381 1501 vobis.
431 1429 628 1501 Hortamur
643 1430 748 1501 etiam
762 1452 840 1512 eos,
862 1443 902 1501 ut
919 1430 992 1501 sint
1009 1451 1181 1499 memores

1968 1343 2173 1443 Philippus.

192 1531 371 1623 praecepti
399 1531 534 1610 divini,
566 1532 611 1599 de
642 1531 892 1601 coniunctione
917 1543 958 1600 et
991 1530 1180 1600 concordia
1245 1579 1252 1586 -

193 1656 274 1702 cnm
290 1632 370 1701 aliis
385 1628 553 1701 Ecclesiis
570 1644 662 1700 recte
678 1631 913 1705 sentientibus
936 1632 1087 1715 tuenda,
1111 1630 1181 1699 sia-

192 1745 235 1803 nt
248 1734 419 1824 scripturn
435 1746 503 1803 est:
539 1726 664 1811 ὁθεὸς
677 1724 804 1828 ἀγάπη
821 1730 915 1817 ἐστι,
942 1727 1038 1802 καὶὸ
1054 1726 1181 1823 μένων

193 1832 239 1957 la³
264 1837 312 1955 cp}
345 1826 472 1929 ἀγάπῃ
479 1882 492 1917 ,
525 1830 566 1903 ἐν
588 1836 644 1927 rqi
664 1830 747 1927 θεῷ
766 1825 869 1924 μένει
891 1825 998 1902 καὶὸ
1025 1827 1115 1911 θεὸς
1140 1831 1180 1904 ἐν

191 1956 403 2105 natabam
425 2032 660 2123 Witebergae
685 2027 796 2104 Anno
826 2028 940 2110 1554.
998 2031 1067 2104 Die
1092 2035 1179 2107 festo

1231 1728 1297 1803 No.
1311 1727 1424 1805 6652.

1236 1826 1448 1864 Nm

1916 1751 1976 1819 25.
1989 1745 2061 1817 lna.
2084 1751 2133 1832 (b.
2145 1755 2219 1853 ai)

1932 1845 2196 1885 W·-

1497 1890 1570 2021 Io.
1595 1932 1967 2029 Amsterodamo.

1299 2083 1322 2155 †
1340 2084 1377 2137 Er
1390 2102 1486 2159 apogr.
1498 2089 1526 2143 iu
1540 2090 1605 2148 cod.
1618 2089 1706 2148 Goth.
1717 2092 1779 2157 189.
1799 2114 1847 2154 uo.
1868 2097 1914 2155 89.
1932 2112 1960 2155 et
1979 2101 2043 2158 cod.
2058 2104 2139 2165 ooth
2158 2108 2216 2161 188.

193 2129 364 2207 Iohannis
379 2130 571 2228 Baptistae.
1333 2155 1437 2210 noae.

498 2234 625 2305 Pastor
663 2229 843 2304 Ecclesiae
875 2227 944 2304 Dei
978 2236 1018 2304 in
1048 2234 1179 2327 oppido
1369 2307 1377 2326 ‚
1449 2311 1457 2330 .

498 2334 673 2407 saxoniae
695 2333 948 2423 witebergae‚
989 2350 1023 2407 et
1053 2336 1180 2405 caeleri
1231 2303 1400 2404 Egregia
1414 2323 1595 2408 peeiaieei
1608 2315 1778 2439 doctrina
1793 2320 1985 2420 praedito,
2000 2324 2102 2401 Iole
2116 2329 2153 2401 Α
2160 2359 2218 2402 m-

502 2435 658 2508 mpnimg
681 2431 872 2527 Evangelii
897 2437 937 2505 in
962 2439 1085 2507 ,adem
1109 2433 1180 2510 Ec,
1229 2407 1515 2498 sterodamo,
1542 2413 1683 2493 docente
1703 2419 1958 2519 Evangelium
1978 2426 2021 2499 in
2042 2428 2217 2507 Ecclesia

501 2537 618 2606 elegia,
1403 2508 1615 2605 Bremensi,
1641 2522 1844 2598 amicosne
1858 2526 2052 2605 carissimo

431 2632 611 2709 lohannes
629 2632 871 2728 Bugenhagen
888 2635 1018 2709 Pamer
1033 2634 1079 2708 D.

552 2791 587 2865 1.
612 2782 774 2867 Timoth.
798 2786 835 2867 4.

305 2921 460 2996 Attende
482 2923 646 3009 lectioni,
671 2919 914 2997 adhortationi
935 2938 971 2996 et
986 2927 1178 2997 doctrinae.

241 3024 296 3095 Ne
316 3026 471 3112 negligas
494 3026 649 3108 donum,
671 3027 769 3116 quod
786 3023 826 3095 in
850 3040 883 3098 te
900 3039 970 3110 est,
994 3028 1091 3119 quod
1113 3028 1179 3096 da-

244 3138 321 3194 tum
346 3124 487 3195 esttibi
513 3148 577 3215 per
601 3120 826 3215 prophetiam
848 3149 931 3197 cum
952 3127 1179 3220 impositione

241 3248 414 3297 manuum
428 3238 548 3297 coetus
560 3225 753 3299 seniorum
1037 3233 1041 3241 '

615 3322 793 3409 lohannes
805 3323 992 3402 Foraterus
1004 3324 1050 3403 D.

608 3424 767 3622 lbss's.)
918 3523 1076 3625 (ns)
1193 3574 1198 3591 .

608 3623 799 3719 Philippus
815 3623 1039 3702 Melanthon.

609 3727 836 3800 Sebastianus
848 3724 1055 3803 Kostheline
1072 3728 1127 3807 M.

612 3827 727 3902 Lucas
742 3826 901 3949 Hezarus
915 3826 969 3902 Μ.

1229 2640 1277 2729 S.
1302 2655 1348 2732 D.
1398 2659 1442 2736 N.
1458 2678 1615 2737 veterem
1636 2672 1806 2759 amicum,
1826 2674 1944 2746 virum
1967 2680 2156 2769 prudentia
2182 2698 2218 2756 et

1229 2758 1358 2830 virtute
1373 2763 1499 2834 eximia
1514 2770 1730 2860 praeditum,
1751 2774 1885 2846 invitus
1906 2790 1979 2847 tam
1993 2781 2063 2854 cito
2085 2784 2216 2861 dimisi.

1228 2857 1300 2929 Sed
1312 2860 1386 2933 srui
1400 2868 1532 2939 nostris
1544 2871 1710 2945 amicitiis
1724 2873 1765 2943 in
1780 2868 1846 2946 hac
1863 2875 1934 2948 vita
1949 2904 2025 2952 nou
2041 2907 2123 2955 vere
2133 2910 2216 2976 pos-

1228 2983 1368 3078 sumus,
1390 2965 1551 3039 fruemur
1562 2973 1672 3062 paulo
1683 2987 1764 3067 post
1778 2979 1872 3069 apud
1886 2975 2087 3072 Christum,
2099 2986 2216 3059 filium

1229 3059 1321 3147 Der,
1352 3063 1392 3131 in
1414 3074 1671 3145 cousuetudine
1696 3072 1949 3168 prophetarum
1972 3096 2009 3155 et
2033 3091 2213 3176 apostolo-

1227 3186 1327 3281 rum,
1349 3187 1440 3257 quos
1453 3172 1609 3259 prolecto
1624 3199 1700 3248 non
1715 3176 1810 3249 visos
1828 3193 1945 3252 tamen
1968 3184 2214 3259 ardentissime

1228 3263 1348 3354 diligo.
1399 3264 1548 3369 interim
1567 3298 1670 3362 vero,
1685 3279 1771 3350 dum
1786 3280 1826 3349 iu
1842 3276 1909 3355 hae
1922 3282 2048 3356 militia
2066 3311 2135 3358 una
2149 3312 2212 3359 su-

1228 3386 1324 3481 mus,
1348 3379 1512 3443 tueamur
1526 3398 1736 3450 consensum
1750 3396 1929 3469 nostrum,
1951 3384 2013 3479 qui
2029 3402 2120 3459 certe
2135 3390 2209 3459 uti-

1227 3466 1272 3583 lrs
1292 3479 1345 3537 est
1359 3464 1546 3550 Ecclesiae.
1595 3474 1701 3550 Hauc
1714 3482 1762 3553 ob
1776 3506 1917 3555 cansam
1928 3485 2014 3573 scis,
2036 3512 2093 3559 rue
2117 3491 2217 3560 ami-'

1229 3568 1328 3684 crtias
1359 3571 1501 3661 piorum
1522 3578 1710 3667 doctorum
1740 3582 1914 3675 singulari
1938 3588 2056 3675 studio
2082 3592 2211 3676 colere,

1228 3682 1322 3786 mter
1334 3694 1423 3763 quos
1438 3686 1472 3744 te
1485 3693 1631 3771 propter
1646 3681 1813 3757 eximium
1826 3698 1929 3758 tuum
1942 3692 2153 3779 candorem,
2177 3707 2213 3767 et

1227 3769 1315 3838 altas
1338 3776 1492 3865 egregias
1521 3781 1631 3851 animi
1651 3784 1752 3855 dotes
1782 3784 1853 3857 iam
1886 3788 1975 3859 olim
2008 3793 2212 3886 complexus

1225 3892 1330 3971 sum..
1372 3864 1516 3948 Gratias
1541 3878 1617 3952 Deo
1645 3906 1808 3976 agamus,
1847 3890 1944 3983 quod
1967 3892 2104 3985 aliquas
2133 3918 2212 3966 ser-

1226 3964 1336 4065 vet')
1369 3969 1546 4051 Ecclesiae
1570 3984 1740 4079 reliquias
1770 4001 1806 4060 et
1832 3990 1988 4062 reddidit
2015 3994 2131 4065 lucem
2154 3999 2212 4069 sui

1225 4068 1423 4161 Evangelii.
1477 4078 1598 4167 Hanc,
1622 4100 1664 4157 nt
1685 4088 1917 4173 retineamus,
1947 4104 1984 4163 et
2006 4098 2212 4168 communi·

1094 4234 1111 4302 Ι
1225 4172 1291 4242 bus
1308 4197 1374 4243 nos
1387 4179 1480 4253 votis
1494 4197 1528 4254 et
1549 4189 1693 4259 caeteris
1718 4190 1841 4263 officiis
1855 4190 2067 4282 invitemus,
2093 4198 2210 4271 sicubi

1004 4241 1175 4358 Q
1224 4276 1389 4362 prodesse
1396 4276 1575 4355 Ecclesiae
1591 4312 1787 4378 possumus.
1798 4276 1867 4379 ¹“Et
1880 4317 2083 4389 quanquam
2100 4324 2209 4370 mun-

1223 4375 1289 4444 dus
1304 4378 1463 4495 undique
1478 4391 1697 4476 concutitur,
1718 4406 1836 4463 tamen
1848 4392 1927 4466 Deo
1941 4421 2045 4469 curae
2060 4401 2128 4471 erit
2141 4424 2207 4472 aua

1221 4471 1395 4566 Ecclesia,
1419 4509 1511 4577 quae
1525 4504 1618 4560 certe
1633 4516 1808 4586 nusquam
1822 4509 1893 4581 est,
1910 4497 1982 4567 nisi
1993 4500 2031 4569 in
2045 4522 2087 4571 eo
2101 4514 2208 4574 coetu

1222 4599 1309 4665 pura
1324 4604 1393 4650 vox
1407 4581 1594 4679 Evangelii
1617 4607 1728 4665 sonat.
1777 4593 1876 4667 Bene
1892 4599 1979 4670 vale.
2028 4598 2206 4677 Postridie

1022 4772 1025 4777 ·
1218 4676 1298 4749 festi
1333 4678 1384 4753 lo.
1419 4681 1616 4782 Baptistae,
1648 4696 1801 4788 collegae
1834 4700 1949 4771 nostri
1983 4701 2024 4771 in
2054 4726 2205 4776 munera

181 4775 405 4857 Clarissimo
423 4780 502 4855 ‘aira
525 4776 729 4853 eruditione
752 4790 784 4851 et
806 4777 935 4850 vittate
959 4783 1171 4879 praestanti
1218 4783 1431 4870 evangelica.

214 4879 460 4956 Ioaekimo
485 4878 760 4958 Camerario
776 4879 906 4981 fratri
918 4905 986 4952 sao
1004 4881 1133 4961 cariss.

200 4232 268 4305 No.
287 4228 401 4305 5631.

191 4328 404 4368 m

442 4431 593 4516 Ioach.
623 4430 902 4521 Cancerario.

250 4607 336 4680 Epist.
350 4608 385 4665 sd
397 4607 536 4666 Camacas.
555 4626 582 4680 p.
591 4607 652 4663 684.
671 4608 728 4677 (ed.
741 4609 832 4670 Laud.
850 4611 897 4667 lib.
912 4610 960 4668 tv,
976 4626 1019 4685 ep.
1034 4612 1119 4684 822).

1904 4926 1998 5002 Phil.
2015 4930 2148 5011 Melan.

179 5017 227 5110 S·
251 5035 298 5109 D.
347 5035 433 5107 Post
454 5050 554 5108 tuum
585 5038 654 5108 iter
686 5038 909 5107 advenerunt
937 5035 1006 5106 viri
1037 5038 1164 5129 optimi
1216 5066 1425 5085 ···-·-·-·

152 5131 413 5223 Matthesins
426 5149 462 5209 et
476 5129 645 5235 Caspar,
671 5139 735 5234 qui
748 5150 886 5230 praeest
903 5132 1044 5212 scholae
1064 5139 1161 5213 litte-
1244 5150 1275 5222 η
1295 5154 1415 5209 aaran?
1447 5154 1692 5222 tuameres-aas.

173 5238 288 5311 rariae
299 5241 338 5311 in
353 5240 447 5312 valle
460 5234 692 5326 loachimica,
712 5240 844 5334 quibus
855 5242 1006 5313 maxime
1019 5256 1159 5333 gratum

170 5338 313 5429 inisset,
346 5336 406 5415 hic
435 5341 624 5420 uobiscum
651 5355 832 5439 utrunque
851 5342 1051 5439 complecti.
1105 5340 1158 5419 Et
