<?xml version="1.0" encoding="UTF-8"?>
<!DOCTYPE html PUBLIC "-//W3C//DTD XHTML 1.0 Transitional//EN"
    "http://www.w3.org/TR/xhtml1/DTD/xhtml1-transitional.dtd">
<html xmlns="http://www.w3.org/1999/xhtml" xml:lang="en" lang="en">
 <head>
  <title>
</title>
<meta http-equiv="Content-Type" content="text/html;charset=utf-8" />
  <meta name='ocr-system' content='tesseract 3.04.00' />
  <meta name='ocr-capabilities' content='ocr_page ocr_carea ocr_par ocr_line ocrx_word'/>
</head>
<body>
  <div class='ocr_page' id='page_1' title='image "./philippimelanth09melagoog/philippimelanth09melagoog_0083.png"; bbox 0 0 4776 6024; ppageno 0'>
   <div class='ocr_carea' id='block_1_1' title="bbox 125 274 1581 407">
    <p class='ocr_par' dir='ltr' id='par_1_1' title="bbox 125 274 1581 407">
     <span class='ocr_line' id='line_1_1' title="bbox 125 274 1581 407; baseline -0.004 -16"><span class='ocrx_word' id='word_1_1' title='bbox 125 274 200 407; x_wconf 78' lang='lat' dir='ltr'><strong>nr</strong></span> <span class='ocrx_word' id='word_1_2' title='bbox 681 302 1118 388; x_wconf 78' lang='lat' dir='ltr'><strong>nrtsrouanun</strong></span> <span class='ocrx_word' id='word_1_3' title='bbox 1178 308 1284 386; x_wconf 82' lang='lat' dir='ltr'><strong>mn.</strong></span> <span class='ocrx_word' id='word_1_4' title='bbox 1310 310 1394 389; x_wconf 86' lang='lat' dir='ltr'><strong>xn.</strong></span> <span class='ocrx_word' id='word_1_5' title='bbox 1446 308 1581 390; x_wconf 76' lang='lat' dir='ltr'><strong>taos.-</strong></span> 
     </span>
    </p>
   </div>
   <div class='ocr_carea' id='block_1_2' title="bbox 124 476 1376 867">
    <p class='ocr_par' dir='ltr' id='par_1_2' title="bbox 124 476 1376 867">
     <span class='ocr_line' id='line_1_2' title="bbox 124 476 1376 580; baseline -0.007 -19"><span class='ocrx_word' id='word_1_6' title='bbox 124 485 357 580; x_wconf 79' lang='lat' dir='ltr'><strong>seriptdribus</strong></span> <span class='ocrx_word' id='word_1_7' title='bbox 378 483 497 553; x_wconf 84' lang='lat' dir='ltr'><strong>virtus</strong></span> <span class='ocrx_word' id='word_1_8' title='bbox 516 481 631 572; x_wconf 78' lang='lat' dir='ltr'><strong>gentis</strong></span> <span class='ocrx_word' id='word_1_9' title='bbox 645 479 940 569; x_wconf 88' lang='lat' dir='ltr'><strong>Hermundurae,</strong></span> <span class='ocrx_word' id='word_1_10' title='bbox 964 498 1054 577; x_wconf 73' lang='lat' dir='ltr'><strong>qnae</strong></span> <span class='ocrx_word' id='word_1_11' title='bbox 1077 504 1118 552; x_wconf 90' lang='lat' dir='ltr'><strong>ea</strong></span> <span class='ocrx_word' id='word_1_12' title='bbox 1168 477 1235 579; x_wconf 88' lang='lat' dir='ltr'><strong>No.</strong></span> <span class='ocrx_word' id='word_1_13' title='bbox 1249 476 1376 555; x_wconf 65' lang='lat'><strong>6424:</strong></span> 
     </span>
     <span class='ocr_line' id='line_1_3' title="bbox 125 570 1347 677; baseline -0.009 -15"><span class='ocrx_word' id='word_1_14' title='bbox 125 594 203 662; x_wconf 88' lang='lat' dir='ltr'><strong>loca</strong></span> <span class='ocrx_word' id='word_1_15' title='bbox 223 601 324 659; x_wconf 89' lang='lat' dir='ltr'><strong>tenet</strong></span> <span class='ocrx_word' id='word_1_16' title='bbox 344 586 443 655; x_wconf 91' lang='lat' dir='ltr'><strong>intra</strong></span> <span class='ocrx_word' id='word_1_17' title='bbox 463 581 612 655; x_wconf 86' lang='lat' dir='ltr'><strong>Sudetes</strong></span> <span class='ocrx_word' id='word_1_18' title='bbox 634 596 792 675; x_wconf 78' lang='lat' dir='ltr'><strong>montes,</strong></span> <span class='ocrx_word' id='word_1_19' title='bbox 826 608 917 677; x_wconf 84' lang='lat' dir='ltr'><strong>qnae</strong></span> <span class='ocrx_word' id='word_1_20' title='bbox 934 609 1030 655; x_wconf 92' lang='lat' dir='ltr'><strong>nunc</strong></span> <span class='ocrx_word' id='word_1_21' title='bbox 1043 581 1117 653; x_wconf 90' lang='lat' dir='ltr'><strong>Bo·</strong></span> <span class='ocrx_word' id='word_1_22' title='bbox 1177 570 1347 605; x_wconf 56' lang='lat' dir='ltr'><strong>w»</strong></span> 
     </span>
     <span class='ocr_line' id='line_1_4' title="bbox 126 680 1329 780; baseline -0.006 -18"><span class='ocrx_word' id='word_1_23' title='bbox 126 689 265 777; x_wconf 78' lang='lat' dir='ltr'><strong>herniae</strong></span> <span class='ocrx_word' id='word_1_24' title='bbox 289 686 565 780; x_wconf 85' lang='lat' dir='ltr'><strong>adpellatiotrem</strong></span> <span class='ocrx_word' id='word_1_25' title='bbox 586 680 731 760; x_wconf 88' lang='lat' dir='ltr'><strong>habent.</strong></span> <span class='ocrx_word' id='word_1_26' title='bbox 787 683 837 757; x_wconf 89' lang='lat' dir='ltr'><strong>Et</strong></span> <span class='ocrx_word' id='word_1_27' title='bbox 862 683 929 758; x_wconf 91' lang='lat' dir='ltr'><strong>boc</strong></span> <span class='ocrx_word' id='word_1_28' title='bbox 953 684 1115 779; x_wconf 83' lang='lat' dir='ltr'><strong>proximo</strong></span> <span class='ocrx_word' id='word_1_29' title='bbox 1183 708 1187 715; x_wconf 88' lang='grc'><strong>’</strong></span> <span class='ocrx_word' id='word_1_30' title='bbox 1234 754 1239 765; x_wconf 77' lang='grc'><strong>,</strong></span> <span class='ocrx_word' id='word_1_31' title='bbox 1321 712 1329 723; x_wconf 93' lang='grc'>·</span> 
     </span>
     <span class='ocr_line' id='line_1_5' title="bbox 124 787 1114 867; baseline -0.01 -1"><span class='ocrx_word' id='word_1_32' title='bbox 124 793 247 867; x_wconf 87' lang='lat' dir='ltr'><strong>seculo</strong></span> <span class='ocrx_word' id='word_1_33' title='bbox 261 789 374 860; x_wconf 85' lang='lat' dir='ltr'><strong>vestri</strong></span> <span class='ocrx_word' id='word_1_34' title='bbox 387 787 534 858; x_wconf 84' lang='lat' dir='ltr'><strong>maiores</strong></span> <span class='ocrx_word' id='word_1_35' title='bbox 547 788 715 858; x_wconf 88' lang='lat' dir='ltr'><strong>virtutem</strong></span> <span class='ocrx_word' id='word_1_36' title='bbox 724 805 823 857; x_wconf 89' lang='lat' dir='ltr'><strong>snam</strong></span> <span class='ocrx_word' id='word_1_37' title='bbox 839 789 1063 859; x_wconf 85' lang='lat' dir='ltr'><strong>declararunt</strong></span> <span class='ocrx_word' id='word_1_38' title='bbox 1076 788 1114 857; x_wconf 91' lang='lat' dir='ltr'><strong>in</strong></span> 
     </span>
    </p>
   </div>
   <div class='ocr_carea' id='block_1_3' title="bbox 1496 677 1966 790">
    <p class='ocr_par' dir='ltr' id='par_1_3' title="bbox 1496 677 1966 790">
     <span class='ocr_line' id='line_1_6' title="bbox 1496 677 1966 790; baseline 0.002 -24"><span class='ocrx_word' id='word_1_39' title='bbox 1496 677 1592 766; x_wconf 76' lang='lat' dir='ltr'><strong>Ad.</strong></span> <span class='ocrx_word' id='word_1_40' title='bbox 1618 680 1837 790; x_wconf 78' lang='lat' dir='ltr'><strong>Aquilae.</strong></span> <span class='ocrx_word' id='word_1_41' title='bbox 1958 723 1966 732; x_wconf 94' lang='lat'>·</span> 
     </span>
    </p>
   </div>
   <div class='ocr_carea' id='block_1_4' title="bbox 127 888 1122 1188">
    <p class='ocr_par' dir='ltr' id='par_1_4' title="bbox 127 888 1122 1188">
     <span class='ocr_line' id='line_1_7' title="bbox 127 888 1114 985; baseline -0.005 -20"><span class='ocrx_word' id='word_1_42' title='bbox 127 893 340 985; x_wconf 74' lang='lat' dir='ltr'><strong>defensione</strong></span> <span class='ocrx_word' id='word_1_43' title='bbox 353 913 454 961; x_wconf 88' lang='lat' dir='ltr'><strong>verae</strong></span> <span class='ocrx_word' id='word_1_44' title='bbox 471 889 666 961; x_wconf 85' lang='lat' dir='ltr'><strong>doctrinae.</strong></span> <span class='ocrx_word' id='word_1_45' title='bbox 717 888 864 983; x_wconf 82' lang='lat' dir='ltr'>Semper</span> <span class='ocrx_word' id='word_1_46' title='bbox 883 893 992 980; x_wconf 83' lang='lat' dir='ltr'><strong>igitur</strong></span> <span class='ocrx_word' id='word_1_47' title='bbox 1013 914 1114 982; x_wconf 86' lang='lat' dir='ltr'><strong>prae·</strong></span> 
     </span>
     <span class='ocr_line' id='line_1_8' title="bbox 128 987 1122 1083; baseline -0.006 -16"><span class='ocrx_word' id='word_1_48' title='bbox 128 999 225 1067; x_wconf 88' lang='lat' dir='ltr'><strong>clare</strong></span> <span class='ocrx_word' id='word_1_49' title='bbox 248 997 293 1066; x_wconf 91' lang='lat' dir='ltr'><strong>de</strong></span> <span class='ocrx_word' id='word_1_50' title='bbox 319 1005 420 1083; x_wconf 83' lang='lat' dir='ltr'><strong>gente</strong></span> <span class='ocrx_word' id='word_1_51' title='bbox 444 987 636 1062; x_wconf 87' lang='lat' dir='ltr'><strong>Bohemica</strong></span> <span class='ocrx_word' id='word_1_52' title='bbox 659 993 772 1078; x_wconf 87' lang='lat' dir='ltr'><strong>sensi,</strong></span> <span class='ocrx_word' id='word_1_53' title='bbox 793 1008 839 1065; x_wconf 84' lang='lat' dir='ltr'><strong>et</strong></span> <span class='ocrx_word' id='word_1_54' title='bbox 860 993 1122 1082; x_wconf 52' lang='lat' dir='ltr'><strong>gratitudinem,</strong></span> 
     </span>
     <span class='ocr_line' id='line_1_9' title="bbox 129 1094 1114 1188; baseline -0.003 -21"><span class='ocrx_word' id='word_1_55' title='bbox 129 1120 199 1167; x_wconf 88' lang='lat' dir='ltr'><strong>nos</strong></span> <span class='ocrx_word' id='word_1_56' title='bbox 220 1096 394 1166; x_wconf 81' lang='lat' dir='ltr'><strong>ridebere</strong></span> <span class='ocrx_word' id='word_1_57' title='bbox 416 1094 536 1167; x_wconf 89' lang='lat' dir='ltr'><strong>iudico</strong></span> <span class='ocrx_word' id='word_1_58' title='bbox 560 1108 766 1185; x_wconf 88' lang='lat' dir='ltr'><strong>propterea,</strong></span> <span class='ocrx_word' id='word_1_59' title='bbox 790 1098 886 1188; x_wconf 88' lang='lat' dir='ltr'><strong>quod</strong></span> <span class='ocrx_word' id='word_1_60' title='bbox 907 1096 1023 1167; x_wconf 85' lang='lat' dir='ltr'><strong>sontes</strong></span> <span class='ocrx_word' id='word_1_61' title='bbox 1046 1097 1114 1164; x_wconf 89' lang='lat' dir='ltr'><strong>do·</strong></span> 
     </span>
    </p>
   </div>
   <div class='ocr_carea' id='block_1_5' title="bbox 1185 852 1812 937">
    <p class='ocr_par' dir='ltr' id='par_1_5' title="bbox 1185 852 1812 937">
     <span class='ocr_line' id='line_1_10' title="bbox 1185 852 1812 937; baseline 0.005 -28"><span class='ocrx_word' id='word_1_62' title='bbox 1185 928 1190 937; x_wconf 30' lang='lat'><strong>¹</strong></span> <span class='ocrx_word' id='word_1_63' title='bbox 1235 859 1257 926; x_wconf 83' lang='lat'>†</span> <span class='ocrx_word' id='word_1_64' title='bbox 1275 855 1313 909; x_wconf 75' lang='lat' dir='ltr'><strong>Er</strong></span> <span class='ocrx_word' id='word_1_65' title='bbox 1325 873 1421 929; x_wconf 72' lang='lat' dir='ltr'><strong>apogr.</strong></span> <span class='ocrx_word' id='word_1_66' title='bbox 1436 854 1464 909; x_wconf 90' lang='lat' dir='ltr'><strong>in</strong></span> <span class='ocrx_word' id='word_1_67' title='bbox 1479 852 1540 913; x_wconf 92' lang='lat' dir='ltr'><strong>cod.</strong></span> <span class='ocrx_word' id='word_1_68' title='bbox 1554 853 1639 910; x_wconf 77' lang='lat' dir='ltr'><strong>Parit.</strong></span> <span class='ocrx_word' id='word_1_69' title='bbox 1657 854 1694 911; x_wconf 90' lang='lat' dir='ltr'><strong>D.</strong></span> <span class='ocrx_word' id='word_1_70' title='bbox 1707 854 1738 912; x_wconf 90' lang='lat' dir='ltr'><strong>L.</strong></span> <span class='ocrx_word' id='word_1_71' title='bbox 1750 855 1812 912; x_wconf 70' lang='lat'><strong>54⁴.</strong></span> 
     </span>
    </p>
   </div>
   <div class='ocr_carea' id='block_1_6' title="bbox 1167 982 2158 1226">
    <p class='ocr_par' dir='ltr' id='par_1_6' title="bbox 1167 982 2158 1226">
     <span class='ocr_line' id='line_1_11' title="bbox 1167 982 2158 1128; baseline 0 -30"><span class='ocrx_word' id='word_1_72' title='bbox 1167 1024 1341 1098; x_wconf 80' lang='lat' dir='ltr'><strong>Adumo</strong></span> <span class='ocrx_word' id='word_1_73' title='bbox 1367 1020 1594 1128; x_wconf 79' lang='lat' dir='ltr'><strong>Aquilae,</strong></span> <span class='ocrx_word' id='word_1_74' title='bbox 1627 1026 1856 1124; x_wconf 75' lang='lat' dir='ltr'><em>gubernante</em></span> <span class='ocrx_word' id='word_1_75' title='bbox 1876 1025 2004 1099; x_wconf 78' lang='lat' dir='ltr'><strong>studia</strong></span> <span class='ocrx_word' id='word_1_76' title='bbox 2024 982 2158 1100; x_wconf 67' lang='lat' dir='ltr'><strong>doceri.</strong></span> 
     </span>
     <span class='ocr_line' id='line_1_12' title="bbox 1168 1120 2158 1226; baseline -0.002 -24"><span class='ocrx_word' id='word_1_77' title='bbox 1168 1154 1238 1202; x_wconf 83' lang='lat' dir='ltr'><strong>noe</strong></span> <span class='ocrx_word' id='word_1_78' title='bbox 1254 1129 1293 1200; x_wconf 82' lang='lat' dir='ltr'><strong>in</strong></span> <span class='ocrx_word' id='word_1_79' title='bbox 1309 1120 1447 1226; x_wconf 70' lang='lat' dir='ltr'><strong>inclyta</strong></span> <span class='ocrx_word' id='word_1_80' title='bbox 1463 1124 2022 1225; x_wconf 79' lang='lat' dir='ltr'><strong>urbeBolemiaeLilomericia,</strong></span> <span class='ocrx_word' id='word_1_81' title='bbox 2040 1130 2158 1202; x_wconf 82' lang='lat' dir='ltr'><strong>amico</strong></span> 
     </span>
    </p>
   </div>
   <div class='ocr_carea' id='block_1_7' title="bbox 34 1194 2159 2108">
    <p class='ocr_par' dir='ltr' id='par_1_7' title="bbox 34 1194 2159 2108">
     <span class='ocr_line' id='line_1_13' title="bbox 129 1194 1114 1289; baseline -0.007 -18"><span class='ocrx_word' id='word_1_82' title='bbox 129 1199 265 1271; x_wconf 88' lang='lat' dir='ltr'><strong>ctrinae</strong></span> <span class='ocrx_word' id='word_1_83' title='bbox 278 1195 433 1289; x_wconf 76' lang='lat' dir='ltr'><strong>purioris</strong></span> <span class='ocrx_word' id='word_1_84' title='bbox 448 1196 554 1266; x_wconf 84' lang='lat' dir='ltr'><strong>nobis</strong></span> <span class='ocrx_word' id='word_1_85' title='bbox 568 1197 792 1267; x_wconf 84' lang='lat' dir='ltr'><strong>monstravit.</strong></span> <span class='ocrx_word' id='word_1_86' title='bbox 827 1194 993 1288; x_wconf 91' lang='lat' dir='ltr'><strong>Comperi</strong></span> <span class='ocrx_word' id='word_1_87' title='bbox 1008 1197 1114 1267; x_wconf 91' lang='lat' dir='ltr'><strong>etiam</strong></span> 
     </span>
     <span class='ocr_line' id='line_1_14' title="bbox 130 1295 1114 1393; baseline -0.006 -23"><span class='ocrx_word' id='word_1_88' title='bbox 130 1301 337 1391; x_wconf 80' lang='lat' dir='ltr'><strong>gravitatem</strong></span> <span class='ocrx_word' id='word_1_89' title='bbox 349 1311 385 1369; x_wconf 88' lang='lat' dir='ltr'><strong>et</strong></span> <span class='ocrx_word' id='word_1_90' title='bbox 398 1299 589 1368; x_wconf 88' lang='lat' dir='ltr'><strong>candorem</strong></span> <span class='ocrx_word' id='word_1_91' title='bbox 604 1298 773 1368; x_wconf 83' lang='lat' dir='ltr'><strong>eximium</strong></span> <span class='ocrx_word' id='word_1_92' title='bbox 789 1321 862 1368; x_wconf 88' lang='lat' dir='ltr'><strong>esse</strong></span> <span class='ocrx_word' id='word_1_93' title='bbox 878 1298 919 1393; x_wconf 82' lang='lat' dir='ltr'><strong>in</strong></span> <span class='ocrx_word' id='word_1_94' title='bbox 941 1350 951 1373; x_wconf 86' lang='lat'><strong>.</strong></span> <span class='ocrx_word' id='word_1_95' title='bbox 978 1350 989 1373; x_wconf 85' lang='lat'><strong>.</strong></span> <span class='ocrx_word' id='word_1_96' title='bbox 1012 1351 1023 1373; x_wconf 84' lang='grc'><strong>.</strong></span> <span class='ocrx_word' id='word_1_97' title='bbox 1047 1295 1114 1392; x_wconf 88' lang='lat'><strong>.¹),</strong></span> 
     </span>
     <span class='ocr_line' id='line_1_15' title="bbox 131 1386 2159 1497; baseline -0.001 -26"><span class='ocrx_word' id='word_1_98' title='bbox 131 1402 197 1496; x_wconf 87' lang='lat' dir='ltr'><strong>qui</strong></span> <span class='ocrx_word' id='word_1_99' title='bbox 211 1396 297 1473; x_wconf 91' lang='lat' dir='ltr'><strong>mihi</strong></span> <span class='ocrx_word' id='word_1_100' title='bbox 310 1398 532 1497; x_wconf 70' lang='lat' dir='ltr'><strong>familiariter</strong></span> <span class='ocrx_word' id='word_1_101' title='bbox 545 1399 624 1470; x_wconf 91' lang='lat' dir='ltr'><strong>noti</strong></span> <span class='ocrx_word' id='word_1_102' title='bbox 637 1400 792 1472; x_wconf 84' lang='lat' dir='ltr'><strong>luerunt.</strong></span> <span class='ocrx_word' id='word_1_103' title='bbox 849 1397 970 1488; x_wconf 84' lang='lat' dir='ltr'>Quare</span> <span class='ocrx_word' id='word_1_104' title='bbox 989 1413 1025 1471; x_wconf 92' lang='lat' dir='ltr'><strong>et</strong></span> <span class='ocrx_word' id='word_1_105' title='bbox 1044 1401 1113 1491; x_wconf 90' lang='lat' dir='ltr'><strong>ipsi</strong></span> <span class='ocrx_word' id='word_1_106' title='bbox 1166 1386 1287 1475; x_wconf 82' lang='lat' dir='ltr'><strong>S.1).</strong></span> <span class='ocrx_word' id='word_1_107' title='bbox 1338 1396 1526 1471; x_wconf 88' lang='lat' dir='ltr'><strong>Carissime</strong></span> <span class='ocrx_word' id='word_1_108' title='bbox 1540 1393 1885 1491; x_wconf 76' lang='lat' dir='ltr'><strong>Adnme‚‘gratulor</strong></span> <span class='ocrx_word' id='word_1_109' title='bbox 1901 1401 2002 1472; x_wconf 88' lang='lat' dir='ltr'><strong>vobis</strong></span> <span class='ocrx_word' id='word_1_110' title='bbox 2016 1397 2159 1493; x_wconf 86' lang='lat' dir='ltr'><strong>halcyo-</strong></span> 
     </span>
     <span class='ocr_line' id='line_1_16' title="bbox 34 1496 2157 1595; baseline -0.002 -21"><span class='ocrx_word' id='word_1_111' title='bbox 34 1572 52 1589; x_wconf 80' lang='grc'><em>,</em></span> <span class='ocrx_word' id='word_1_112' title='bbox 131 1504 226 1595; x_wconf 76' lang='lat' dir='ltr'><strong>genti</strong></span> <span class='ocrx_word' id='word_1_113' title='bbox 236 1502 395 1592; x_wconf 76' lang='lat' dir='ltr'><strong>gratulor</strong></span> <span class='ocrx_word' id='word_1_114' title='bbox 406 1496 476 1570; x_wconf 86' lang='lat' dir='ltr'><strong>hoc</strong></span> <span class='ocrx_word' id='word_1_115' title='bbox 489 1504 613 1580; x_wconf 87' lang='lat' dir='ltr'><strong>decus,</strong></span> <span class='ocrx_word' id='word_1_116' title='bbox 639 1504 736 1594; x_wconf 88' lang='lat' dir='ltr'><strong>quod</strong></span> <span class='ocrx_word' id='word_1_117' title='bbox 754 1500 859 1569; x_wconf 91' lang='lat' dir='ltr'><strong>multi</strong></span> <span class='ocrx_word' id='word_1_118' title='bbox 872 1501 911 1568; x_wconf 93' lang='lat' dir='ltr'><strong>in</strong></span> <span class='ocrx_word' id='word_1_119' title='bbox 926 1524 965 1570; x_wconf 89' lang='lat' dir='ltr'><strong>ea</strong></span> <span class='ocrx_word' id='word_1_120' title='bbox 979 1499 1114 1572; x_wconf 89' lang='lat' dir='ltr'><strong>doctri·</strong></span> <span class='ocrx_word' id='word_1_121' title='bbox 1167 1502 1228 1570; x_wconf 92' lang='lat' dir='ltr'><strong>nia</strong></span> <span class='ocrx_word' id='word_1_122' title='bbox 1250 1514 1285 1570; x_wconf 90' lang='lat' dir='ltr'><strong>et</strong></span> <span class='ocrx_word' id='word_1_123' title='bbox 1307 1501 1520 1570; x_wconf 83' lang='lat' dir='ltr'><strong>mediocrem</strong></span> <span class='ocrx_word' id='word_1_124' title='bbox 1543 1503 1857 1595; x_wconf 80' lang='lat' dir='ltr'><strong>tranquillitatem,</strong></span> <span class='ocrx_word' id='word_1_125' title='bbox 1894 1516 1929 1573; x_wconf 89' lang='lat' dir='ltr'><strong>et</strong></span> <span class='ocrx_word' id='word_1_126' title='bbox 1951 1528 2014 1572; x_wconf 94' lang='lat' dir='ltr'><strong>oro</strong></span> <span class='ocrx_word' id='word_1_127' title='bbox 2044 1501 2157 1571; x_wconf 86' lang='lat' dir='ltr'><strong>lilium</strong></span> 
     </span>
     <span class='ocr_line' id='line_1_17' title="bbox 127 1596 2157 1696; baseline -0.001 -23"><span class='ocrx_word' id='word_1_128' title='bbox 127 1628 195 1674; x_wconf 90' lang='lat' dir='ltr'><strong>nae</strong></span> <span class='ocrx_word' id='word_1_129' title='bbox 209 1604 325 1676; x_wconf 86' lang='lat' dir='ltr'><strong>studia</strong></span> <span class='ocrx_word' id='word_1_130' title='bbox 341 1608 462 1673; x_wconf 81' lang='lat' dir='ltr'><strong>amani</strong></span> <span class='ocrx_word' id='word_1_131' title='bbox 475 1616 509 1672; x_wconf 89' lang='lat' dir='ltr'><strong>et</strong></span> <span class='ocrx_word' id='word_1_132' title='bbox 522 1604 662 1687; x_wconf 86' lang='lat' dir='ltr'><strong>colunt,</strong></span> <span class='ocrx_word' id='word_1_133' title='bbox 688 1615 724 1672; x_wconf 89' lang='lat' dir='ltr'><strong>et</strong></span> <span class='ocrx_word' id='word_1_134' title='bbox 736 1603 888 1692; x_wconf 80' lang='lat' dir='ltr'>gaudeo,</span> <span class='ocrx_word' id='word_1_135' title='bbox 914 1627 976 1672; x_wconf 87' lang='lat' dir='ltr'><strong>vos</strong></span> <span class='ocrx_word' id='word_1_136' title='bbox 991 1596 1116 1672; x_wconf 83' lang='lat' dir='ltr'><strong>am&#39;an-</strong></span> <span class='ocrx_word' id='word_1_137' title='bbox 1167 1602 1235 1674; x_wconf 88' lang='lat' dir='ltr'><strong>Dei</strong></span> <span class='ocrx_word' id='word_1_138' title='bbox 1249 1604 1430 1673; x_wconf 83' lang='lat' dir='ltr'><strong>custodem</strong></span> <span class='ocrx_word' id='word_1_139' title='bbox 1445 1599 1635 1689; x_wconf 79' lang='lat' dir='ltr'><strong>Ecclesiae,</strong></span> <span class='ocrx_word' id='word_1_140' title='bbox 1661 1619 1701 1674; x_wconf 91' lang='lat' dir='ltr'><strong>ut</strong></span> <span class='ocrx_word' id='word_1_141' title='bbox 1716 1604 1853 1694; x_wconf 82' lang='lat' dir='ltr'><strong>mitiget</strong></span> <span class='ocrx_word' id='word_1_142' title='bbox 1866 1605 1986 1696; x_wconf 71' lang='lat' dir='ltr'><strong>generi</strong></span> <span class='ocrx_word' id='word_1_143' title='bbox 2001 1599 2157 1672; x_wconf 87' lang='lat' dir='ltr'><strong>humano</strong></span> 
     </span>
     <span class='ocr_line' id='line_1_18' title="bbox 125 1699 2158 1805; baseline 0.001 -29"><span class='ocrx_word' id='word_1_144' title='bbox 125 1722 179 1777; x_wconf 85' lang='lat' dir='ltr'><strong>ter</strong></span> <span class='ocrx_word' id='word_1_145' title='bbox 192 1710 238 1776; x_wconf 94' lang='lat' dir='ltr'><strong>de</strong></span> <span class='ocrx_word' id='word_1_146' title='bbox 251 1705 359 1775; x_wconf 89' lang='lat' dir='ltr'><strong>nobis</strong></span> <span class='ocrx_word' id='word_1_147' title='bbox 372 1704 520 1785; x_wconf 86' lang='lat' dir='ltr'><strong>sentire,</strong></span> <span class='ocrx_word' id='word_1_148' title='bbox 547 1729 587 1774; x_wconf 91' lang='lat' dir='ltr'><strong>ac</strong></span> <span class='ocrx_word' id='word_1_149' title='bbox 606 1718 708 1796; x_wconf 91' lang='lat' dir='ltr'><strong>opto,</strong></span> <span class='ocrx_word' id='word_1_150' title='bbox 732 1716 773 1773; x_wconf 90' lang='lat' dir='ltr'><strong>nt</strong></span> <span class='ocrx_word' id='word_1_151' title='bbox 786 1699 964 1774; x_wconf 73' lang='lat' dir='ltr'><strong>Ecclesiae</strong></span> <span class='ocrx_word' id='word_1_152' title='bbox 980 1710 1116 1775; x_wconf 82' lang='lat' dir='ltr'><strong>vest&#39;rae</strong></span> <span class='ocrx_word' id='word_1_153' title='bbox 1168 1727 1301 1796; x_wconf 86' lang='lat' dir='ltr'><strong>poenas</strong></span> <span class='ocrx_word' id='word_1_154' title='bbox 1316 1716 1361 1805; x_wconf 39' lang='lat' dir='ltr'><strong>&#39;et</strong></span> <span class='ocrx_word' id='word_1_155' title='bbox 1381 1726 1457 1773; x_wconf 91' lang='lat' dir='ltr'><strong>non</strong></span> <span class='ocrx_word' id='word_1_156' title='bbox 1479 1704 1572 1775; x_wconf 83' lang='lat' dir='ltr'><strong>sinat</strong></span> <span class='ocrx_word' id='word_1_157' title='bbox 1595 1706 1754 1796; x_wconf 79' lang='lat' dir='ltr'><strong>extingui</strong></span> <span class='ocrx_word' id='word_1_158' title='bbox 1772 1708 1886 1776; x_wconf 85' lang='lat' dir='ltr'><strong>lucem</strong></span> <span class='ocrx_word' id='word_1_159' title='bbox 1903 1707 2158 1778; x_wconf 82' lang='lat' dir='ltr'><strong>doctrinarum.</strong></span> 
     </span>
     <span class='ocr_line' id='line_1_19' title="bbox 126 1800 2158 1889; baseline -0 -12"><span class='ocrx_word' id='word_1_160' title='bbox 126 1821 160 1879; x_wconf 90' lang='lat' dir='ltr'><strong>et</strong></span> <span class='ocrx_word' id='word_1_161' title='bbox 176 1808 320 1879; x_wconf 82' lang='lat' dir='ltr'><strong>nostrae</strong></span> <span class='ocrx_word' id='word_1_162' title='bbox 333 1829 449 1876; x_wconf 90' lang='lat' dir='ltr'><strong>unum</strong></span> <span class='ocrx_word' id='word_1_163' title='bbox 465 1806 586 1877; x_wconf 87' lang='lat' dir='ltr'><strong>sintin</strong></span> <span class='ocrx_word' id='word_1_164' title='bbox 600 1805 688 1879; x_wconf 90' lang='lat' dir='ltr'><strong>Deo.</strong></span> <span class='ocrx_word' id='word_1_165' title='bbox 739 1803 982 1877; x_wconf 88' lang='lat' dir='ltr'><strong>Honestorum</strong></span> <span class='ocrx_word' id='word_1_166' title='bbox 998 1800 1118 1876; x_wconf 87' lang='lat' dir='ltr'><strong>homi·</strong></span> <span class='ocrx_word' id='word_1_167' title='bbox 1171 1804 1212 1875; x_wconf 92' lang='lat' dir='ltr'><strong>ln</strong></span> <span class='ocrx_word' id='word_1_168' title='bbox 1240 1803 1433 1875; x_wconf 82' lang='lat' dir='ltr'><strong>Germania</strong></span> <span class='ocrx_word' id='word_1_169' title='bbox 1463 1806 1596 1889; x_wconf 82' lang='lat' dir='ltr'><strong>novum</strong></span> <span class='ocrx_word' id='word_1_170' title='bbox 1623 1807 1758 1878; x_wconf 88' lang='lat' dir='ltr'><strong>bellum</strong></span> <span class='ocrx_word' id='word_1_171' title='bbox 1790 1808 1909 1878; x_wconf 87' lang='lat' dir='ltr'><strong>subito</strong></span> <span class='ocrx_word' id='word_1_172' title='bbox 1936 1822 2072 1878; x_wconf 91' lang='lat' dir='ltr'><strong>motum</strong></span> <span class='ocrx_word' id='word_1_173' title='bbox 2096 1819 2158 1879; x_wconf 87' lang='lat' dir='ltr'><strong>est.</strong></span> 
     </span>
     <span class='ocr_line' id='line_1_20' title="bbox 126 1900 2158 2003; baseline -0 -26"><span class='ocrx_word' id='word_1_174' title='bbox 126 1934 216 1979; x_wconf 90' lang='lat' dir='ltr'><strong>num</strong></span> <span class='ocrx_word' id='word_1_175' title='bbox 233 1909 344 1991; x_wconf 89' lang='lat' dir='ltr'><strong>filios,</strong></span> <span class='ocrx_word' id='word_1_176' title='bbox 371 1931 462 2000; x_wconf 84' lang='lat' dir='ltr'><strong>quos</strong></span> <span class='ocrx_word' id='word_1_177' title='bbox 475 1903 545 1978; x_wconf 90' lang='lat' dir='ltr'><strong>huc</strong></span> <span class='ocrx_word' id='word_1_178' title='bbox 556 1900 720 1992; x_wconf 79' lang='lat' dir='ltr'><strong>irrisistis,</strong></span> <span class='ocrx_word' id='word_1_179' title='bbox 745 1909 813 1977; x_wconf 94' lang='lat' dir='ltr'><strong>deo</strong></span> <span class='ocrx_word' id='word_1_180' title='bbox 836 1907 999 1992; x_wconf 88' lang='lat' dir='ltr'><strong>iuvante,</strong></span> <span class='ocrx_word' id='word_1_181' title='bbox 1024 1925 1118 1983; x_wconf 90' lang='lat' dir='ltr'><strong>recte</strong></span> <span class='ocrx_word' id='word_1_182' title='bbox 1169 1903 1335 1989; x_wconf 79' lang='lat' dir='ltr'><strong>Marchio</strong></span> <span class='ocrx_word' id='word_1_183' title='bbox 1361 1901 1534 1977; x_wconf 84' lang='lat' dir='ltr'><strong>Albertns</strong></span> <span class='ocrx_word' id='word_1_184' title='bbox 1563 1909 1693 1999; x_wconf 90' lang='lat' dir='ltr'><strong>oppida</strong></span> <span class='ocrx_word' id='word_1_185' title='bbox 1720 1911 1893 2003; x_wconf 84' lang='lat' dir='ltr'><strong>quaedam</strong></span> <span class='ocrx_word' id='word_1_186' title='bbox 1918 1906 2158 1996; x_wconf 83' lang='lat' dir='ltr'><strong>Noribergen·</strong></span> 
     </span>
     <span class='ocr_line' id='line_1_21' title="bbox 127 1996 2159 2108; baseline -0.001 -27"><span class='ocrx_word' id='word_1_187' title='bbox 127 1996 515 2099; x_wconf 75' lang='lat' dir='ltr'><strong>erudirietgubernari</strong></span> <span class='ocrx_word' id='word_1_188' title='bbox 531 2008 753 2088; x_wconf 75' lang='lat' dir='ltr'><strong>curabimus,</strong></span> <span class='ocrx_word' id='word_1_189' title='bbox 781 2022 816 2080; x_wconf 87' lang='lat' dir='ltr'><strong>et</strong></span> <span class='ocrx_word' id='word_1_190' title='bbox 835 2032 978 2079; x_wconf 87' lang='lat' dir='ltr'><strong>oramus</strong></span> <span class='ocrx_word' id='word_1_191' title='bbox 1003 2009 1118 2081; x_wconf 88' lang='lat' dir='ltr'><strong>filium</strong></span> <span class='ocrx_word' id='word_1_192' title='bbox 1170 2009 1262 2085; x_wconf 85' lang='lat' dir='ltr'><strong>sium</strong></span> <span class='ocrx_word' id='word_1_193' title='bbox 1285 2008 1359 2097; x_wconf 84' lang='lat' dir='ltr'><strong>igni</strong></span> <span class='ocrx_word' id='word_1_194' title='bbox 1382 2010 1529 2089; x_wconf 89' lang='lat' dir='ltr'><strong>delevit,</strong></span> <span class='ocrx_word' id='word_1_195' title='bbox 1568 2007 1752 2101; x_wconf 84' lang='lat' dir='ltr'><strong>occupavit</strong></span> <span class='ocrx_word' id='word_1_196' title='bbox 1772 2004 2006 2100; x_wconf 80' lang='lat' dir='ltr'><strong>Bombergam</strong></span> <span class='ocrx_word' id='word_1_197' title='bbox 2029 2023 2064 2108; x_wconf 71' lang='lat' dir='ltr'><strong>et</strong></span> <span class='ocrx_word' id='word_1_198' title='bbox 2087 2009 2159 2078; x_wconf 88' lang='lat' dir='ltr'><strong>alia</strong></span> 
     </span>
    </p>
   </div>
   <div class='ocr_carea' id='block_1_8' title="bbox 1552 1231 1765 1305">
    <p class='ocr_par' dir='ltr' id='par_1_8' title="bbox 1552 1231 1765 1305">
     <span class='ocr_line' id='line_1_22' title="bbox 1552 1231 1765 1305; baseline 0.014 -3"><span class='ocrx_word' id='word_1_199' title='bbox 1552 1255 1621 1303; x_wconf 84' lang='lat' dir='ltr'><strong>sno</strong></span> <span class='ocrx_word' id='word_1_200' title='bbox 1637 1231 1765 1305; x_wconf 79' lang='lat' dir='ltr'><strong>carisa.</strong></span> 
     </span>
    </p>
   </div>
   <div class='ocr_carea' id='block_1_9' title="bbox 116 2104 1119 2317">
    <p class='ocr_par' dir='ltr' id='par_1_9' title="bbox 116 2104 1119 2317">
     <span class='ocr_line' id='line_1_23' title="bbox 116 2104 1119 2196; baseline 0.001 -15"><span class='ocrx_word' id='word_1_201' title='bbox 116 2114 198 2196; x_wconf 87' lang='lat' dir='ltr'><strong>dei,</strong></span> <span class='ocrx_word' id='word_1_202' title='bbox 223 2115 259 2186; x_wconf 84' lang='lat' dir='ltr'><strong>d.</strong></span> <span class='ocrx_word' id='word_1_203' title='bbox 273 2122 435 2182; x_wconf 87' lang='lat' dir='ltr'><strong>nostrum</strong></span> <span class='ocrx_word' id='word_1_204' title='bbox 453 2106 772 2194; x_wconf 67' lang='lat' dir='ltr'><strong>lesumChrtstum</strong></span> <span class='ocrx_word' id='word_1_205' title='bbox 797 2104 980 2181; x_wconf 84' lang='lat' dir='ltr'><strong>cust&#39;odem</strong></span> <span class='ocrx_word' id='word_1_206' title='bbox 992 2106 1119 2182; x_wconf 88' lang='lat' dir='ltr'><strong>Eccle-</strong></span> 
     </span>
     <span class='ocr_line' id='line_1_24' title="bbox 126 2209 732 2317; baseline 0.003 -36"><span class='ocrx_word' id='word_1_207' title='bbox 126 2216 199 2286; x_wconf 89' lang='lat' dir='ltr'><strong>siae</strong></span> <span class='ocrx_word' id='word_1_208' title='bbox 217 2236 300 2284; x_wconf 91' lang='lat' dir='ltr'><strong>snae</strong></span> <span class='ocrx_word' id='word_1_209' title='bbox 326 2251 374 2267; x_wconf 91' lang='lat'>-</span> <span class='ocrx_word' id='word_1_210' title='bbox 398 2247 602 2317; x_wconf 71' lang='lat'><strong>··&#39;’.“&#39;‘&#39;&#39;’</strong></span> <span class='ocrx_word' id='word_1_211' title='bbox 630 2209 732 2301; x_wconf 82' lang='lat'><strong>-²)</strong></span> 
     </span>
    </p>
   </div>
   <div class='ocr_carea' id='block_1_10' title="bbox 782 2604 1095 2705">
    <p class='ocr_par' dir='ltr' id='par_1_10' title="bbox 782 2604 1095 2705">
     <span class='ocr_line' id='line_1_25' title="bbox 782 2604 1095 2705; baseline 0.01 -5"><span class='ocrx_word' id='word_1_212' title='bbox 782 2604 801 2689; x_wconf 78' lang='lat'><strong>&#39;·</strong></span> <span class='ocrx_word' id='word_1_213' title='bbox 984 2635 1095 2705; x_wconf 72' lang='lat' dir='ltr'><strong>clu</strong></span> 
     </span>
    </p>
   </div>
   <div class='ocr_carea' id='block_1_11' title="bbox 231 2820 974 3065">
    <p class='ocr_par' dir='ltr' id='par_1_11' title="bbox 231 2820 974 3065">
     <span class='ocr_line' id='line_1_26' title="bbox 487 2820 778 2910; baseline -0.01 0"><span class='ocrx_word' id='word_1_214' title='bbox 487 2822 553 2910; x_wconf 89' lang='lat' dir='ltr'><strong>M.</strong></span> <span class='ocrx_word' id='word_1_215' title='bbox 585 2820 778 2910; x_wconf 67' lang='lat' dir='ltr'><strong>collino.</strong></span> 
     </span>
     <span class='ocr_line' id='line_1_27' title="bbox 231 2966 974 3065; baseline -0.001 -27"><span class='ocrx_word' id='word_1_216' title='bbox 231 2984 260 3053; x_wconf 89' lang='lat'><strong>†&#39;</strong></span> <span class='ocrx_word' id='word_1_217' title='bbox 274 2983 312 3065; x_wconf 66' lang='lat'><strong>125</strong></span> <span class='ocrx_word' id='word_1_218' title='bbox 329 2999 422 3053; x_wconf 73' lang='lat' dir='ltr'><strong>apogr.</strong></span> <span class='ocrx_word' id='word_1_219' title='bbox 440 2981 469 3035; x_wconf 89' lang='lat' dir='ltr'><strong>in</strong></span> <span class='ocrx_word' id='word_1_220' title='bbox 488 2981 550 3038; x_wconf 88' lang='lat' dir='ltr'><strong>eod.</strong></span> <span class='ocrx_word' id='word_1_221' title='bbox 570 2983 657 3065; x_wconf 66' lang='lat' dir='ltr'><strong>Paris.</strong></span> <span class='ocrx_word' id='word_1_222' title='bbox 674 2981 712 3037; x_wconf 95' lang='lat' dir='ltr'><strong>D.</strong></span> <span class='ocrx_word' id='word_1_223' title='bbox 731 2983 768 3049; x_wconf 79' lang='lat' dir='ltr'><strong>L,</strong></span> <span class='ocrx_word' id='word_1_224' title='bbox 783 2966 852 3043; x_wconf 66' lang='lat'><strong>543.</strong></span> <span class='ocrx_word' id='word_1_225' title='bbox 971 3032 974 3037; x_wconf 92' lang='lat'><strong>.</strong></span> 
     </span>
    </p>
   </div>
   <div class='ocr_carea' id='block_1_12' title="bbox 103 2572 329 2717">
    <p class='ocr_par' dir='ltr' id='par_1_12' title="bbox 103 2572 329 2717">
     <span class='ocr_line' id='line_1_28' title="bbox 103 2572 329 2717; baseline 0 -23"><span class='ocrx_word' id='word_1_226' title='bbox 103 2612 106 2617; x_wconf 82' lang='grc'><strong>’</strong></span> <span class='ocrx_word' id='word_1_227' title='bbox 126 2572 201 2717; x_wconf 66' lang='lat' dir='ltr'><strong>no.</strong></span> <span class='ocrx_word' id='word_1_228' title='bbox 214 2621 329 2698; x_wconf 74' lang='lat' dir='ltr'><strong>alea.</strong></span> 
     </span>
    </p>
   </div>
   <div class='ocr_carea' id='block_1_13' title="bbox 138 2718 311 2750">
    <p class='ocr_par' dir='ltr' id='par_1_13' title="bbox 138 2718 311 2750">
     <span class='ocr_line' id='line_1_29' title="bbox 138 2718 311 2750; baseline -0.006 0"><span class='ocrx_word' id='word_1_229' title='bbox 138 2718 311 2750; x_wconf 55' lang='lat' dir='ltr'><strong>m</strong></span> 
     </span>
    </p>
   </div>
   <div class='ocr_carea' id='block_1_14' title="bbox 125 3100 1120 3257">
    <p class='ocr_par' dir='ltr' id='par_1_14' title="bbox 125 3100 1120 3257">
     <span class='ocr_line' id='line_1_30' title="bbox 125 3100 1120 3257; baseline 0.016 -46"><span class='ocrx_word' id='word_1_230' title='bbox 125 3126 630 3257; x_wconf 38' lang='grc' dir='ltr'><strong>ΜαΗΙιαιο,θὸίἱίηιῃΙ</strong></span> <span class='ocrx_word' id='word_1_231' title='bbox 652 3143 693 3212; x_wconf 85' lang='lat' dir='ltr'><strong>in</strong></span> <span class='ocrx_word' id='word_1_232' title='bbox 710 3100 1120 3246; x_wconf 76' lang='lat' dir='ltr'><strong>Academial’rogensi.</strong></span> 
     </span>
    </p>
   </div>
   <div class='ocr_carea' id='block_1_15' title="bbox 1104 3223 2159 3320">
    <p class='ocr_par' dir='ltr' id='par_1_15' title="bbox 1104 3223 2159 3320">
     <span class='ocr_line' id='line_1_31' title="bbox 1104 3223 2159 3320; baseline -0.008 -21"><span class='ocrx_word' id='word_1_233' title='bbox 1104 3242 1110 3253; x_wconf 93' lang='grc'><em>“</em></span> <span class='ocrx_word' id='word_1_234' title='bbox 1172 3243 1266 3315; x_wconf 89' lang='lat' dir='ltr'><strong>ctor,</strong></span> <span class='ocrx_word' id='word_1_235' title='bbox 1298 3241 1332 3300; x_wconf 87' lang='lat' dir='ltr'><strong>et</strong></span> <span class='ocrx_word' id='word_1_236' title='bbox 1349 3231 1503 3320; x_wconf 80' lang='lat' dir='ltr'><strong>gratiam</strong></span> <span class='ocrx_word' id='word_1_237' title='bbox 1528 3230 1577 3302; x_wconf 94' lang='lat' dir='ltr'><strong>eis</strong></span> <span class='ocrx_word' id='word_1_238' title='bbox 1600 3225 1713 3299; x_wconf 92' lang='lat' dir='ltr'><strong>habeo</strong></span> <span class='ocrx_word' id='word_1_239' title='bbox 1738 3250 1818 3300; x_wconf 89' lang='lat' dir='ltr'><strong>cum</strong></span> <span class='ocrx_word' id='word_1_240' title='bbox 1841 3229 1886 3298; x_wconf 90' lang='lat' dir='ltr'><strong>de</strong></span> <span class='ocrx_word' id='word_1_241' title='bbox 1902 3223 2159 3308; x_wconf 88' lang='lat' dir='ltr'><strong>benevolentia,</strong></span> 
     </span>
    </p>
   </div>
   <div class='ocr_carea' id='block_1_16' title="bbox 125 3278 1120 3709">
    <p class='ocr_par' dir='ltr' id='par_1_16' title="bbox 125 3278 1120 3709">
     <span class='ocr_line' id='line_1_32' title="bbox 127 3278 1120 3391; baseline 0.016 -27"><span class='ocrx_word' id='word_1_242' title='bbox 127 3278 177 3364; x_wconf 80' lang='lat' dir='ltr'><strong>S.</strong></span> <span class='ocrx_word' id='word_1_243' title='bbox 203 3288 248 3367; x_wconf 90' lang='lat' dir='ltr'><strong>D.</strong></span> <span class='ocrx_word' id='word_1_244' title='bbox 297 3289 514 3361; x_wconf 87' lang='lat' dir='ltr'><strong>Doctissime</strong></span> <span class='ocrx_word' id='word_1_245' title='bbox 529 3294 586 3376; x_wconf 48' lang='lat' dir='ltr'><strong>vir,¹</strong></span> <span class='ocrx_word' id='word_1_246' title='bbox 599 3306 634 3362; x_wconf 90' lang='lat' dir='ltr'><strong>et</strong></span> <span class='ocrx_word' id='word_1_247' title='bbox 650 3293 768 3364; x_wconf 89' lang='lat' dir='ltr'><strong>cariss.</strong></span> <span class='ocrx_word' id='word_1_248' title='bbox 784 3295 904 3372; x_wconf 84' lang='lat' dir='ltr'><strong>frater.</strong></span> <span class='ocrx_word' id='word_1_249' title='bbox 957 3299 1058 3391; x_wconf 89' lang='lat' dir='ltr'><strong>Scio,</strong></span> <span class='ocrx_word' id='word_1_250' title='bbox 1085 3322 1120 3380; x_wconf 87' lang='lat' dir='ltr'><strong>te</strong></span> 
     </span>
     <span class='ocr_line' id='line_1_33' title="bbox 126 3393 1119 3499; baseline 0.018 -36"><span class='ocrx_word' id='word_1_251' title='bbox 126 3420 200 3465; x_wconf 91' lang='lat' dir='ltr'><strong>non</strong></span> <span class='ocrx_word' id='word_1_252' title='bbox 215 3393 377 3465; x_wconf 85' lang='lat' dir='ltr'><strong>oblivisci</strong></span> <span class='ocrx_word' id='word_1_253' title='bbox 394 3394 744 3499; x_wconf 29' lang='lat' dir='ltr'><strong>nostranamicitiae,</strong></span> <span class='ocrx_word' id='word_1_254' title='bbox 768 3398 907 3469; x_wconf 89' lang='lat' dir='ltr'><strong>etiamsi</strong></span> <span class='ocrx_word' id='word_1_255' title='bbox 919 3427 984 3494; x_wconf 90' lang='lat' dir='ltr'><strong>per</strong></span> <span class='ocrx_word' id='word_1_256' title='bbox 999 3406 1119 3481; x_wconf 87' lang='lat' dir='ltr'><strong>literas</strong></span> 
     </span>
     <span class='ocr_line' id='line_1_34' title="bbox 125 3495 1118 3596; baseline 0.015 -28"><span class='ocrx_word' id='word_1_257' title='bbox 125 3495 282 3588; x_wconf 86' lang='lat' dir='ltr'><strong>colloqui</strong></span> <span class='ocrx_word' id='word_1_258' title='bbox 303 3496 428 3580; x_wconf 88' lang='lat' dir='ltr'><strong>toties,</strong></span> <span class='ocrx_word' id='word_1_259' title='bbox 457 3496 596 3589; x_wconf 83' lang='lat' dir='ltr'><strong>quoties</strong></span> <span class='ocrx_word' id='word_1_260' title='bbox 610 3497 801 3585; x_wconf 82' lang='lat' dir='ltr'><strong>vellemus,</strong></span> <span class='ocrx_word' id='word_1_261' title='bbox 821 3525 896 3572; x_wconf 89' lang='lat' dir='ltr'><strong>non</strong></span> <span class='ocrx_word' id='word_1_262' title='bbox 920 3510 1118 3596; x_wconf 72' lang='lat' dir='ltr'><strong>possumus.</strong></span> 
     </span>
     <span class='ocr_line' id='line_1_35' title="bbox 127 3594 1118 3709; baseline 0.022 -48"><span class='ocrx_word' id='word_1_263' title='bbox 127 3597 321 3666; x_wconf 76' lang='lat' dir='ltr'><strong>verissima</strong></span> <span class='ocrx_word' id='word_1_264' title='bbox 344 3598 439 3664; x_wconf 90' lang='lat' dir='ltr'><strong>enim</strong></span> <span class='ocrx_word' id='word_1_265' title='bbox 461 3622 529 3668; x_wconf 83' lang='lat' dir='ltr'><strong>vox</strong></span> <span class='ocrx_word' id='word_1_266' title='bbox 555 3611 625 3683; x_wconf 83' lang='lat' dir='ltr'><strong>est,</strong></span> <span class='ocrx_word' id='word_1_267' title='bbox 659 3594 761 3672; x_wconf 80' lang='grc' dir='ltr'><em>ἅπαν</em></span> <span class='ocrx_word' id='word_1_268' title='bbox 788 3597 832 3673; x_wconf 80' lang='grc' dir='ltr'><strong>τὸ</strong></span> <span class='ocrx_word' id='word_1_269' title='bbox 857 3601 1025 3700; x_wconf 64' lang='grc' dir='ltr'><em>χρηστὸν</em></span> <span class='ocrx_word' id='word_1_270' title='bbox 1047 3610 1118 3709; x_wconf 68' lang='grc' dir='ltr'><strong>τὴν</strong></span> 
     </span>
    </p>
   </div>
   <div class='ocr_carea' id='block_1_17' title="bbox 131 3691 1233 3891">
    <p class='ocr_par' dir='ltr' id='par_1_17' title="bbox 131 3691 1233 3891">
     <span class='ocr_line' id='line_1_36' title="bbox 131 3691 1132 3790; baseline 0.024 -25"><span class='ocrx_word' id='word_1_271' title='bbox 131 3699 218 3787; x_wconf 79' lang='grc' dir='ltr'><em>ἴσην</em></span> <span class='ocrx_word' id='word_1_272' title='bbox 244 3694 314 3786; x_wconf 72' lang='grc' dir='ltr'><strong>ἔχει</strong></span> <span class='ocrx_word' id='word_1_273' title='bbox 339 3691 462 3790; x_wconf 78' lang='grc' dir='ltr'><strong>φύσιν.</strong></span> <span class='ocrx_word' id='word_1_274' title='bbox 525 3697 689 3771; x_wconf 88' lang='lat' dir='ltr'><strong>Clemens</strong></span> <span class='ocrx_word' id='word_1_275' title='bbox 722 3701 987 3781; x_wconf 85' lang='lat' dir='ltr'><strong>Alexandrinus</strong></span> <span class='ocrx_word' id='word_1_276' title='bbox 1019 3709 1132 3788; x_wconf 78' lang='lat' dir='ltr'><strong>hune·</strong></span> 
     </span>
     <span class='ocr_line' id='line_1_37' title="bbox 133 3794 1233 3891; baseline 0.027 -27"><span class='ocrx_word' id='word_1_277' title='bbox 133 3821 274 3867; x_wconf 86' lang='lat' dir='ltr'><strong>versum</strong></span> <span class='ocrx_word' id='word_1_278' title='bbox 290 3820 331 3866; x_wconf 84' lang='lat' dir='ltr'><strong>ex</strong></span> <span class='ocrx_word' id='word_1_279' title='bbox 345 3794 629 3891; x_wconf 85' lang='lat' dir='ltr'><strong>Sophoclecitat.</strong></span> <span class='ocrx_word' id='word_1_280' title='bbox 682 3801 783 3874; x_wconf 89' lang='lat' dir='ltr'><strong>Tuae</strong></span> <span class='ocrx_word' id='word_1_281' title='bbox 801 3806 907 3877; x_wconf 83' lang='lat' dir='ltr'><strong>eliam</strong></span> <span class='ocrx_word' id='word_1_282' title='bbox 922 3812 1065 3886; x_wconf 89' lang='lat' dir='ltr'><strong>virtutis</strong></span> <span class='ocrx_word' id='word_1_283' title='bbox 1082 3834 1116 3891; x_wconf 93' lang='lat' dir='ltr'><strong>et</strong></span> <span class='ocrx_word' id='word_1_284' title='bbox 1225 3802 1233 3815; x_wconf 44' lang='lat'><strong><em>⁴</em></strong></span> 
     </span>
    </p>
   </div>
   <div class='ocr_carea' id='block_1_18' title="bbox 84 3900 1116 5222">
    <p class='ocr_par' dir='ltr' id='par_1_18' title="bbox 84 3900 1116 5222">
     <span class='ocr_line' id='line_1_38' title="bbox 134 3900 1114 4009; baseline 0.022 -41"><span class='ocrx_word' id='word_1_285' title='bbox 134 3923 215 3990; x_wconf 83' lang='lat' dir='ltr'><strong>erga</strong></span> <span class='ocrx_word' id='word_1_286' title='bbox 223 3922 287 3975; x_wconf 82' lang='lat' dir='ltr'><strong>‚me</strong></span> <span class='ocrx_word' id='word_1_287' title='bbox 301 3900 565 3973; x_wconf 87' lang='lat' dir='ltr'><strong>benevolentiae</strong></span> <span class='ocrx_word' id='word_1_288' title='bbox 576 3905 747 3999; x_wconf 84' lang='lat' dir='ltr'><strong>memoria</strong></span> <span class='ocrx_word' id='word_1_289' title='bbox 762 3910 857 3998; x_wconf 90' lang='lat' dir='ltr'><strong>apud</strong></span> <span class='ocrx_word' id='word_1_290' title='bbox 874 3932 931 3980; x_wconf 87' lang='lat' dir='ltr'><strong>me</strong></span> <span class='ocrx_word' id='word_1_291' title='bbox 947 3934 1114 4009; x_wconf 89' lang='lat' dir='ltr'><strong>perpetua</strong></span> 
     </span>
     <span class='ocr_line' id='line_1_39' title="bbox 136 4002 1115 4093; baseline 0.022 -22"><span class='ocrx_word' id='word_1_292' title='bbox 136 4003 219 4084; x_wconf 88' lang='lat' dir='ltr'><strong>erit,</strong></span> <span class='ocrx_word' id='word_1_293' title='bbox 250 4015 285 4072; x_wconf 86' lang='lat' dir='ltr'><strong>et</strong></span> <span class='ocrx_word' id='word_1_294' title='bbox 299 4002 453 4073; x_wconf 86' lang='lat' dir='ltr'><strong>amicitia</strong></span> <span class='ocrx_word' id='word_1_295' title='bbox 468 4019 587 4075; x_wconf 87' lang='lat' dir='ltr'><strong>nostra</strong></span> <span class='ocrx_word' id='word_1_296' title='bbox 605 4007 743 4075; x_wconf 87' lang='lat' dir='ltr'><strong>dulcius</strong></span> <span class='ocrx_word' id='word_1_297' title='bbox 764 4009 926 4083; x_wconf 76' lang='lat' dir='ltr'><strong>fruemur</strong></span> <span class='ocrx_word' id='word_1_298' title='bbox 943 4017 982 4086; x_wconf 90' lang='lat' dir='ltr'><strong>in</strong></span> <span class='ocrx_word' id='word_1_299' title='bbox 1000 4010 1115 4093; x_wconf 80' lang='lat' dir='ltr'><strong>coele-</strong></span> 
     </span>
     <span class='ocr_line' id='line_1_40' title="bbox 132 4099 1115 4205; baseline 0.025 -34"><span class='ocrx_word' id='word_1_300' title='bbox 132 4099 357 4174; x_wconf 71' lang='lat' dir='ltr'><strong>sti‘Ecclesia.</strong></span> <span class='ocrx_word' id='word_1_301' title='bbox 408 4103 513 4174; x_wconf 92' lang='lat' dir='ltr'><strong>Nunc</strong></span> <span class='ocrx_word' id='word_1_302' title='bbox 533 4120 568 4175; x_wconf 90' lang='lat' dir='ltr'><strong>te</strong></span> <span class='ocrx_word' id='word_1_303' title='bbox 583 4131 667 4189; x_wconf 90' lang='lat' dir='ltr'><strong>oro,</strong></span> <span class='ocrx_word' id='word_1_304' title='bbox 693 4122 733 4193; x_wconf 86' lang='lat' dir='ltr'><strong>ut</strong></span> <span class='ocrx_word' id='word_1_305' title='bbox 754 4110 874 4181; x_wconf 87' lang='lat' dir='ltr'><strong>literas</strong></span> <span class='ocrx_word' id='word_1_306' title='bbox 900 4116 1056 4205; x_wconf 79' lang='lat' dir='ltr'><strong>breviter</strong></span> <span class='ocrx_word' id='word_1_307' title='bbox 1081 4141 1115 4196; x_wconf 92' lang='lat' dir='ltr'><strong>et</strong></span> 
     </span>
     <span class='ocr_line' id='line_1_41' title="bbox 128 4205 1113 4297; baseline 0.024 -23"><span class='ocrx_word' id='word_1_308' title='bbox 128 4205 409 4297; x_wconf 71' lang='lat' dir='ltr'><strong>subito‘scriptas</strong></span> <span class='ocrx_word' id='word_1_309' title='bbox 423 4207 520 4277; x_wconf 89' lang='lat' dir='ltr'><strong>&#39;boni</strong></span> <span class='ocrx_word' id='word_1_310' title='bbox 545 4209 718 4280; x_wconf 87' lang='lat' dir='ltr'><strong>consulas.</strong></span> <span class='ocrx_word' id='word_1_311' title='bbox 769 4209 894 4287; x_wconf 85' lang='lat' dir='ltr'><strong>Studia</strong></span> <span class='ocrx_word' id='word_1_312' title='bbox 915 4218 1113 4297; x_wconf 78' lang='lat' dir='ltr'><strong>vestrorum</strong></span> 
     </span>
     <span class='ocr_line' id='line_1_42' title="bbox 126 4309 1114 4407; baseline 0.023 -31"><span class='ocrx_word' id='word_1_313' title='bbox 126 4309 392 4407; x_wconf 82' lang='lat' dir='ltr'><strong>adolescentum</strong></span> <span class='ocrx_word' id='word_1_314' title='bbox 406 4310 511 4380; x_wconf 87' lang='lat' dir='ltr'><strong>nobis</strong></span> <span class='ocrx_word' id='word_1_315' title='bbox 529 4326 632 4381; x_wconf 88' lang='lat' dir='ltr'><strong>curae</strong></span> <span class='ocrx_word' id='word_1_316' title='bbox 651 4326 774 4395; x_wconf 91' lang='lat' dir='ltr'><strong>erunt,</strong></span> <span class='ocrx_word' id='word_1_317' title='bbox 800 4329 834 4385; x_wconf 92' lang='lat' dir='ltr'><strong>et</strong></span> <span class='ocrx_word' id='word_1_318' title='bbox 855 4316 986 4394; x_wconf 89' lang='lat' dir='ltr'><strong>iubebo</strong></span> <span class='ocrx_word' id='word_1_319' title='bbox 1009 4343 1048 4399; x_wconf 90' lang='lat' dir='ltr'><strong>ut</strong></span> <span class='ocrx_word' id='word_1_320' title='bbox 1068 4332 1114 4399; x_wconf 84' lang='lat' dir='ltr'><strong>ad</strong></span> 
     </span>
     <span class='ocr_line' id='line_1_43' title="bbox 125 4408 1113 4504; baseline 0.022 -26"><span class='ocrx_word' id='word_1_321' title='bbox 125 4427 161 4479; x_wconf 83' lang='lat' dir='ltr'><strong>te</strong></span> <span class='ocrx_word' id='word_1_322' title='bbox 175 4408 336 4480; x_wconf 85' lang='lat' dir='ltr'><strong>scribant</strong></span> <span class='ocrx_word' id='word_1_323' title='bbox 347 4409 436 4498; x_wconf 81' lang='lat' dir='ltr'><strong>ipsi,</strong></span> <span class='ocrx_word' id='word_1_324' title='bbox 460 4436 539 4481; x_wconf 88' lang='lat' dir='ltr'><strong>cum</strong></span> <span class='ocrx_word' id='word_1_325' title='bbox 554 4413 714 4504; x_wconf 83' lang='lat' dir='ltr'><strong>proxime</strong></span> <span class='ocrx_word' id='word_1_326' title='bbox 729 4410 849 4487; x_wconf 79' lang='lat' dir='ltr'><strong>literas</strong></span> <span class='ocrx_word' id='word_1_327' title='bbox 865 4422 1017 4501; x_wconf 84' lang='lat' dir='ltr'><strong>mittent.</strong></span> <span class='ocrx_word' id='word_1_328' title='bbox 1071 4428 1113 4499; x_wconf 90' lang='lat' dir='ltr'><strong>ln</strong></span> 
     </span>
     <span class='ocr_line' id='line_1_44' title="bbox 125 4510 1111 4604; baseline 0.015 -23"><span class='ocrx_word' id='word_1_329' title='bbox 125 4510 322 4587; x_wconf 81' lang='lat' dir='ltr'><strong>Germania</strong></span> <span class='ocrx_word' id='word_1_330' title='bbox 355 4535 497 4582; x_wconf 86' lang='lat' dir='ltr'><strong>rursum</strong></span> <span class='ocrx_word' id='word_1_331' title='bbox 527 4538 712 4595; x_wconf 83' lang='lat' dir='ltr'><strong>accensum</strong></span> <span class='ocrx_word' id='word_1_332' title='bbox 745 4533 813 4601; x_wconf 82' lang='lat' dir='ltr'><strong>est·</strong></span> <span class='ocrx_word' id='word_1_333' title='bbox 837 4521 1005 4600; x_wconf 66' lang='lat' dir='ltr'><strong>bellnam·</strong></span> <span class='ocrx_word' id='word_1_334' title='bbox 1042 4531 1111 4604; x_wconf 85' lang='lat' dir='ltr'><strong>Sed</strong></span> 
     </span>
     <span class='ocr_line' id='line_1_45' title="bbox 126 4613 1113 4707; baseline 0.027 -28"><span class='ocrx_word' id='word_1_335' title='bbox 126 4637 223 4682; x_wconf 76' lang='lat' dir='ltr'><strong>ncrnc</strong></span> <span class='ocrx_word' id='word_1_336' title='bbox 235 4613 417 4705; x_wconf 80' lang='lat' dir='ltr'><strong>principes</strong></span> <span class='ocrx_word' id='word_1_337' title='bbox 435 4615 579 4706; x_wconf 88' lang='lat' dir='ltr'><strong>quidem</strong></span> <span class='ocrx_word' id='word_1_338' title='bbox 599 4617 850 4707; x_wconf 86' lang='lat' dir='ltr'><strong>pacificationis</strong></span> <span class='ocrx_word' id='word_1_339' title='bbox 870 4646 1113 4706; x_wconf 82' lang='lat' dir='ltr'><strong>causaconve·</strong></span> 
     </span>
     <span class='ocr_line' id='line_1_46' title="bbox 129 4713 1115 4809; baseline 0.026 -29"><span class='ocrx_word' id='word_1_340' title='bbox 129 4726 274 4783; x_wconf 74' lang='lat' dir='ltr'><strong>cierunt.</strong></span> <span class='ocrx_word' id='word_1_341' title='bbox 322 4713 397 4785; x_wconf 84' lang='lat' dir='ltr'><strong>Nos</strong></span> <span class='ocrx_word' id='word_1_342' title='bbox 416 4716 533 4786; x_wconf 88' lang='lat' dir='ltr'><strong>filinm&#39;</strong></span> <span class='ocrx_word' id='word_1_343' title='bbox 544 4717 612 4788; x_wconf 89' lang='lat' dir='ltr'><strong>Dei</strong></span> <span class='ocrx_word' id='word_1_344' title='bbox 634 4742 791 4808; x_wconf 87' lang='lat' dir='ltr'><strong>oremus,</strong></span> <span class='ocrx_word' id='word_1_345' title='bbox 822 4739 863 4795; x_wconf 92' lang='lat' dir='ltr'><strong>nt</strong></span> <span class='ocrx_word' id='word_1_346' title='bbox 878 4718 1054 4807; x_wconf 84' lang='lat' dir='ltr'><strong>Ecclesias</strong></span> <span class='ocrx_word' id='word_1_347' title='bbox 1079 4753 1115 4809; x_wconf 92' lang='lat' dir='ltr'><strong>et</strong></span> 
     </span>
     <span class='ocr_line' id='line_1_47' title="bbox 84 4814 1115 4925; baseline 0.035 -52"><span class='ocrx_word' id='word_1_348' title='bbox 84 4862 93 4873; x_wconf 95' lang='lat'><strong>.</strong></span> <span class='ocrx_word' id='word_1_349' title='bbox 126 4817 187 4906; x_wconf 88' lang='lat' dir='ltr'><strong>pia</strong></span> <span class='ocrx_word' id='word_1_350' title='bbox 212 4814 328 4885; x_wconf 87' lang='lat' dir='ltr'><strong>studia</strong></span> <span class='ocrx_word' id='word_1_351' title='bbox 351 4841 425 4886; x_wconf 77' lang='lat' dir='ltr'><strong>non</strong></span> <span class='ocrx_word' id='word_1_352' title='bbox 442 4818 537 4889; x_wconf 88' lang='lat' dir='ltr'><strong>sinat</strong></span> <span class='ocrx_word' id='word_1_353' title='bbox 560 4821 681 4893; x_wconf 87' lang='lat' dir='ltr'><strong>deleri.</strong></span> <span class='ocrx_word' id='word_1_354' title='bbox 740 4821 809 4894; x_wconf 90' lang='lat' dir='ltr'><strong>Pro</strong></span> <span class='ocrx_word' id='word_1_355' title='bbox 832 4832 938 4900; x_wconf 80' lang='lat' dir='ltr'><strong>caseis</strong></span> <span class='ocrx_word' id='word_1_356' title='bbox 964 4820 1115 4925; x_wconf 75' lang='lat' dir='ltr'><strong>pagellas</strong></span> 
     </span>
     <span class='ocr_line' id='line_1_48' title="bbox 124 4917 1114 5013; baseline 0.025 -27"><span class='ocrx_word' id='word_1_357' title='bbox 124 4917 195 4986; x_wconf 88' lang='lat' dir='ltr'><strong>tibi</strong></span> <span class='ocrx_word' id='word_1_358' title='bbox 218 4918 343 5003; x_wconf 87' lang='lat' dir='ltr'><strong>mitto,</strong></span> <span class='ocrx_word' id='word_1_359' title='bbox 363 4942 452 5013; x_wconf 79' lang='lat' dir='ltr'><strong>qrrae</strong></span> <span class='ocrx_word' id='word_1_360' title='bbox 462 4924 683 5011; x_wconf 75' lang='lat' dir='ltr'><strong>ostendent,</strong></span> <span class='ocrx_word' id='word_1_361' title='bbox 709 4919 768 4995; x_wconf 87' lang='lat' dir='ltr'><strong>hie</strong></span> <span class='ocrx_word' id='word_1_362' title='bbox 790 4924 906 5001; x_wconf 91' lang='lat' dir='ltr'><strong>adhuc</strong></span> <span class='ocrx_word' id='word_1_363' title='bbox 919 4930 986 5004; x_wconf 91' lang='lat' dir='ltr'><strong>Dei</strong></span> <span class='ocrx_word' id='word_1_364' title='bbox 1005 4940 1114 5010; x_wconf 90' lang='lat' dir='ltr'><strong>bene-</strong></span> 
     </span>
     <span class='ocr_line' id='line_1_49' title="bbox 124 5010 1115 5114; baseline 0.019 -28"><span class='ocrx_word' id='word_1_365' title='bbox 124 5018 206 5088; x_wconf 85' lang='lat' dir='ltr'><strong>ficio</strong></span> <span class='ocrx_word' id='word_1_366' title='bbox 226 5031 261 5090; x_wconf 91' lang='lat' dir='ltr'><strong>et</strong></span> <span class='ocrx_word' id='word_1_367' title='bbox 277 5010 467 5114; x_wconf 72' lang='lat' dir='ltr'><strong>halcyonis</strong></span> <span class='ocrx_word' id='word_1_368' title='bbox 483 5039 516 5093; x_wconf 91' lang='lat' dir='ltr'><strong>et</strong></span> <span class='ocrx_word' id='word_1_369' title='bbox 531 5025 721 5103; x_wconf 80' lang='lat' dir='ltr'><strong>mediocria</strong></span> <span class='ocrx_word' id='word_1_370' title='bbox 737 5027 980 5105; x_wconf 84' lang='lat' dir='ltr'><strong>doctrinarum</strong></span> <span class='ocrx_word' id='word_1_371' title='bbox 997 5036 1115 5113; x_wconf 70' lang='lat' dir='ltr'><strong>studia</strong></span> 
     </span>
     <span class='ocr_line' id='line_1_50' title="bbox 124 5119 1116 5222; baseline 0.026 -34"><span class='ocrx_word' id='word_1_372' title='bbox 124 5120 212 5194; x_wconf 82' lang='lat' dir='ltr'><strong>esse.</strong></span> <span class='ocrx_word' id='word_1_373' title='bbox 263 5119 363 5190; x_wconf 89' lang='lat' dir='ltr'><strong>Bene</strong></span> <span class='ocrx_word' id='word_1_374' title='bbox 380 5124 459 5193; x_wconf 88' lang='lat' dir='ltr'><strong>vale</strong></span> <span class='ocrx_word' id='word_1_375' title='bbox 473 5126 650 5195; x_wconf 88' lang='lat' dir='ltr'><strong>carissime</strong></span> <span class='ocrx_word' id='word_1_376' title='bbox 664 5126 781 5195; x_wconf 86' lang='lat' dir='ltr'><strong>irater.</strong></span> <span class='ocrx_word' id='word_1_377' title='bbox 832 5126 906 5205; x_wconf 87' lang='lat' dir='ltr'><strong>Cal.</strong></span> <span class='ocrx_word' id='word_1_378' title='bbox 925 5130 988 5211; x_wconf 89' lang='lat' dir='ltr'><strong>lul.</strong></span> <span class='ocrx_word' id='word_1_379' title='bbox 1007 5132 1116 5222; x_wconf 73' lang='lat'><strong>1563,</strong></span> 
     </span>
    </p>
   </div>
   <div class='ocr_carea' id='block_1_19' title="bbox 159 5385 551 5536">
    <p class='ocr_par' dir='ltr' id='par_1_19' title="bbox 159 5385 551 5536">
     <span class='ocr_line' id='line_1_51' title="bbox 159 5385 551 5536; baseline 0.013 -17"><span class='ocrx_word' id='word_1_380' title='bbox 159 5385 191 5533; x_wconf 60' lang='lat' dir='ltr'><strong>:l</strong></span> <span class='ocrx_word' id='word_1_381' title='bbox 206 5399 323 5536; x_wconf 51' lang='lat' dir='ltr'><strong>lt&#39;dtqua</strong></span> <span class='ocrx_word' id='word_1_382' title='bbox 336 5483 394 5521; x_wconf 84' lang='lat' dir='ltr'><strong>non</strong></span> <span class='ocrx_word' id='word_1_383' title='bbox 408 5454 551 5524; x_wconf 67' lang='lat' dir='ltr'><strong>bibentur.</strong></span> 
     </span>
    </p>
   </div>
   <div class='ocr_carea' id='block_1_20' title="bbox 1171 2107 2159 2306">
    <p class='ocr_par' dir='ltr' id='par_1_20' title="bbox 1171 2107 2159 2306">
     <span class='ocr_line' id='line_1_52' title="bbox 1171 2107 2158 2203; baseline 0.002 -25"><span class='ocrx_word' id='word_1_384' title='bbox 1171 2108 1343 2203; x_wconf 81' lang='lat' dir='ltr'><strong>quaedam</strong></span> <span class='ocrx_word' id='word_1_385' title='bbox 1362 2109 1561 2180; x_wconf 87' lang='lat' dir='ltr'><strong>vicinorum</strong></span> <span class='ocrx_word' id='word_1_386' title='bbox 1577 2107 1837 2203; x_wconf 86' lang='lat' dir='ltr'><strong>Episcoporum</strong></span> <span class='ocrx_word' id='word_1_387' title='bbox 1852 2112 1993 2202; x_wconf 92' lang='lat' dir='ltr'><strong>oppida.</strong></span> <span class='ocrx_word' id='word_1_388' title='bbox 2033 2108 2158 2180; x_wconf 89' lang='lat' dir='ltr'><strong>Postea</strong></span> 
     </span>
     <span class='ocr_line' id='line_1_53' title="bbox 1172 2210 2159 2306; baseline 0.001 -26"><span class='ocrx_word' id='word_1_389' title='bbox 1172 2213 1269 2281; x_wconf 86' lang='lat' dir='ltr'><strong>velut</strong></span> <span class='ocrx_word' id='word_1_390' title='bbox 1289 2210 1383 2281; x_wconf 89' lang='lat' dir='ltr'><strong>intra</strong></span> <span class='ocrx_word' id='word_1_391' title='bbox 1408 2213 1505 2306; x_wconf 85' lang='lat' dir='ltr'><strong>pylas</strong></span> <span class='ocrx_word' id='word_1_392' title='bbox 1527 2214 1678 2282; x_wconf 89' lang='lat' dir='ltr'><strong>adducto</strong></span> <span class='ocrx_word' id='word_1_393' title='bbox 1704 2213 1855 2283; x_wconf 84' lang='lat' dir='ltr'><strong>exercitu</strong></span> <span class='ocrx_word' id='word_1_394' title='bbox 1870 2237 1933 2304; x_wconf 89' lang='lat' dir='ltr'><strong>per</strong></span> <span class='ocrx_word' id='word_1_395' title='bbox 1947 2212 2159 2301; x_wconf 82' lang='lat' dir='ltr'><strong>Turingiam</strong></span> 
     </span>
    </p>
   </div>
   <div class='ocr_carea' id='block_1_21' title="bbox 1133 2311 2158 2404">
    <p class='ocr_par' dir='ltr' id='par_1_21' title="bbox 1133 2311 2158 2404">
     <span class='ocr_line' id='line_1_54' title="bbox 1133 2311 2158 2404; baseline -0.001 -23"><span class='ocrx_word' id='word_1_396' title='bbox 1133 2322 1137 2337; x_wconf 92' lang='lat'>&#39;</span> <span class='ocrx_word' id='word_1_397' title='bbox 1172 2314 1348 2404; x_wconf 83' lang='lat' dir='ltr'><strong>proiectus</strong></span> <span class='ocrx_word' id='word_1_398' title='bbox 1363 2327 1414 2384; x_wconf 90' lang='lat' dir='ltr'><strong>est</strong></span> <span class='ocrx_word' id='word_1_399' title='bbox 1428 2315 1466 2381; x_wconf 90' lang='lat' dir='ltr'><strong>in</strong></span> <span class='ocrx_word' id='word_1_400' title='bbox 1481 2314 1653 2384; x_wconf 82' lang='lat' dir='ltr'><strong>ditionem</strong></span> <span class='ocrx_word' id='word_1_401' title='bbox 1670 2316 1769 2384; x_wconf 90' lang='lat' dir='ltr'><strong>ducis</strong></span> <span class='ocrx_word' id='word_1_402' title='bbox 1783 2311 2064 2385; x_wconf 84' lang='lat' dir='ltr'><strong>Brunsvicensis.</strong></span> <span class='ocrx_word' id='word_1_403' title='bbox 2100 2311 2158 2382; x_wconf 91' lang='lat' dir='ltr'><strong>lbi</strong></span> 
     </span>
    </p>
   </div>
   <div class='ocr_carea' id='block_1_22' title="bbox 1172 2410 2158 2709">
    <p class='ocr_par' dir='ltr' id='par_1_22' title="bbox 1172 2410 2158 2709">
     <span class='ocr_line' id='line_1_55' title="bbox 1172 2410 2158 2505; baseline -0.002 -22"><span class='ocrx_word' id='word_1_404' title='bbox 1172 2440 1267 2484; x_wconf 91' lang='lat' dir='ltr'><strong>nunc</strong></span> <span class='ocrx_word' id='word_1_405' title='bbox 1302 2416 1532 2490; x_wconf 81' lang='lat' dir='ltr'><strong>vastationem</strong></span> <span class='ocrx_word' id='word_1_406' title='bbox 1563 2415 1657 2485; x_wconf 83' lang='lat' dir='ltr'><strong>iacit.</strong></span> <span class='ocrx_word' id='word_1_407' title='bbox 1723 2413 1932 2505; x_wconf 86' lang='lat' dir='ltr'><strong>Reprimere</strong></span> <span class='ocrx_word' id='word_1_408' title='bbox 1962 2440 2044 2483; x_wconf 92' lang='lat' dir='ltr'><strong>eum</strong></span> <span class='ocrx_word' id='word_1_409' title='bbox 2076 2410 2158 2482; x_wconf 82' lang='lat' dir='ltr'><strong>Dux</strong></span> 
     </span>
     <span class='ocr_line' id='line_1_56' title="bbox 1173 2514 2158 2588; baseline -0.003 -2"><span class='ocrx_word' id='word_1_410' title='bbox 1173 2515 1364 2587; x_wconf 87' lang='lat' dir='ltr'><strong>Mauritius</strong></span> <span class='ocrx_word' id='word_1_411' title='bbox 1387 2514 1529 2586; x_wconf 84' lang='lat' dir='ltr'><strong>Elector</strong></span> <span class='ocrx_word' id='word_1_412' title='bbox 1550 2530 1709 2588; x_wconf 88' lang='lat' dir='ltr'><strong>conatur.</strong></span> <span class='ocrx_word' id='word_1_413' title='bbox 1758 2514 1863 2584; x_wconf 91' lang='lat' dir='ltr'><strong>Nunc</strong></span> <span class='ocrx_word' id='word_1_414' title='bbox 1888 2529 2005 2584; x_wconf 90' lang='lat' dir='ltr'><strong>autem</strong></span> <span class='ocrx_word' id='word_1_415' title='bbox 2028 2537 2158 2583; x_wconf 88' lang='lat' dir='ltr'><strong>conve-</strong></span> 
     </span>
     <span class='ocr_line' id='line_1_57' title="bbox 1172 2616 2158 2709; baseline -0.006 -21"><span class='ocrx_word' id='word_1_416' title='bbox 1172 2617 1451 2709; x_wconf 82' lang='lat' dir='ltr'><strong>neruntaliquot</strong></span> <span class='ocrx_word' id='word_1_417' title='bbox 1465 2617 1642 2709; x_wconf 91' lang='lat' dir='ltr'><strong>principes</strong></span> <span class='ocrx_word' id='word_1_418' title='bbox 1655 2616 1905 2707; x_wconf 86' lang='lat' dir='ltr'><strong>pacificationis</strong></span> <span class='ocrx_word' id='word_1_419' title='bbox 1918 2638 2034 2700; x_wconf 85' lang='lat' dir='ltr'><strong>causa,</strong></span> <span class='ocrx_word' id='word_1_420' title='bbox 2049 2636 2158 2706; x_wconf 88' lang='lat' dir='ltr'><strong>quam</strong></span> 
     </span>
    </p>
   </div>
   <div class='ocr_carea' id='block_1_23' title="bbox 1130 2713 2159 2809">
    <p class='ocr_par' dir='ltr' id='par_1_23' title="bbox 1130 2713 2159 2809">
     <span class='ocr_line' id='line_1_58' title="bbox 1130 2713 2159 2809; baseline -0.001 -24"><span class='ocrx_word' id='word_1_421' title='bbox 1130 2774 1136 2785; x_wconf 94' lang='lat'><strong>.</strong></span> <span class='ocrx_word' id='word_1_422' title='bbox 1172 2720 1308 2789; x_wconf 90' lang='lat' dir='ltr'><strong>utinam</strong></span> <span class='ocrx_word' id='word_1_423' title='bbox 1323 2718 1624 2809; x_wconf 72' lang='lat' dir='ltr'><strong>Deusgubernet.</strong></span> <span class='ocrx_word' id='word_1_424' title='bbox 1673 2714 1741 2786; x_wconf 92' lang='lat' dir='ltr'><strong>Dei</strong></span> <span class='ocrx_word' id='word_1_425' title='bbox 1764 2717 1932 2787; x_wconf 88' lang='lat' dir='ltr'><strong>beneficio</strong></span> <span class='ocrx_word' id='word_1_426' title='bbox 1946 2713 2159 2786; x_wconf 86' lang='lat' dir='ltr'><strong>Academiae</strong></span> 
     </span>
    </p>
   </div>
   <div class='ocr_carea' id='block_1_24' title="bbox 1173 2816 2159 2914">
    <p class='ocr_par' dir='ltr' id='par_1_24' title="bbox 1173 2816 2159 2914">
     <span class='ocr_line' id='line_1_59' title="bbox 1173 2816 2159 2914; baseline -0.003 -27"><span class='ocrx_word' id='word_1_427' title='bbox 1173 2822 1309 2890; x_wconf 88' lang='lat' dir='ltr'><strong>vicinae</strong></span> <span class='ocrx_word' id='word_1_428' title='bbox 1339 2816 1455 2891; x_wconf 90' lang='lat' dir='ltr'><strong>adhuc</strong></span> <span class='ocrx_word' id='word_1_429' title='bbox 1488 2818 1701 2914; x_wconf 90' lang='lat' dir='ltr'><strong>tranquillae</strong></span> <span class='ocrx_word' id='word_1_430' title='bbox 1733 2831 1832 2903; x_wconf 86' lang='lat' dir='ltr'><strong>sunt,</strong></span> <span class='ocrx_word' id='word_1_431' title='bbox 1872 2832 1913 2888; x_wconf 89' lang='lat' dir='ltr'><strong>ut</strong></span> <span class='ocrx_word' id='word_1_432' title='bbox 1945 2842 1986 2886; x_wconf 85' lang='lat' dir='ltr'><strong>ex</strong></span> <span class='ocrx_word' id='word_1_433' title='bbox 2011 2816 2159 2909; x_wconf 82' lang='lat' dir='ltr'><strong>paginis,</strong></span> 
     </span>
    </p>
   </div>
   <div class='ocr_carea' id='block_1_25' title="bbox 1128 2914 2159 3109">
    <p class='ocr_par' dir='ltr' id='par_1_25' title="bbox 1128 2914 2159 3109">
     <span class='ocr_line' id='line_1_60' title="bbox 1128 2914 2159 3016; baseline -0.005 -24"><span class='ocrx_word' id='word_1_434' title='bbox 1128 2968 1137 2983; x_wconf 83' lang='lat'><strong>.</strong></span> <span class='ocrx_word' id='word_1_435' title='bbox 1173 2942 1260 3016; x_wconf 85' lang='lat' dir='ltr'><strong>quas</strong></span> <span class='ocrx_word' id='word_1_436' title='bbox 1281 2922 1404 3008; x_wconf 84' lang='lat' dir='ltr'><strong>mitto,</strong></span> <span class='ocrx_word' id='word_1_437' title='bbox 1435 2945 1633 3012; x_wconf 79' lang='lat' dir='ltr'><strong>cognosces.</strong></span> <span class='ocrx_word' id='word_1_438' title='bbox 1693 2919 1801 3011; x_wconf 90' lang='lat' dir='ltr'><strong>Quod</strong></span> <span class='ocrx_word' id='word_1_439' title='bbox 1823 2914 1912 2989; x_wconf 89' lang='lat' dir='ltr'><strong>mihi</strong></span> <span class='ocrx_word' id='word_1_440' title='bbox 1932 2915 2073 2990; x_wconf 86' lang='lat' dir='ltr'><strong>honesti</strong></span> <span class='ocrx_word' id='word_1_441' title='bbox 2088 2918 2159 2991; x_wconf 90' lang='lat' dir='ltr'><strong>viri</strong></span> 
     </span>
     <span class='ocr_line' id='line_1_61' title="bbox 1155 3020 2158 3109; baseline -0.005 -14"><span class='ocrx_word' id='word_1_442' title='bbox 1155 3027 1265 3096; x_wconf 80' lang='lat' dir='ltr'><strong>cives</strong></span> <span class='ocrx_word' id='word_1_443' title='bbox 1281 3020 1388 3097; x_wconf 83' lang='lat' dir='ltr'><strong>vestri</strong></span> <span class='ocrx_word' id='word_1_444' title='bbox 1400 3026 1524 3097; x_wconf 89' lang='lat' dir='ltr'><strong>vinum</strong></span> <span class='ocrx_word' id='word_1_445' title='bbox 1539 3026 1723 3109; x_wconf 86' lang='lat' dir='ltr'><strong>miseruut,</strong></span> <span class='ocrx_word' id='word_1_446' title='bbox 1749 3022 1890 3093; x_wconf 87' lang='lat' dir='ltr'><strong>mallem</strong></span> <span class='ocrx_word' id='word_1_447' title='bbox 1907 3044 1966 3092; x_wconf 85' lang='lat' dir='ltr'><strong>eos</strong></span> <span class='ocrx_word' id='word_1_448' title='bbox 1981 3044 2055 3092; x_wconf 92' lang='lat' dir='ltr'><strong>non</strong></span> <span class='ocrx_word' id='word_1_449' title='bbox 2071 3044 2158 3091; x_wconf 91' lang='lat' dir='ltr'><strong>one-</strong></span> 
     </span>
    </p>
   </div>
   <div class='ocr_carea' id='block_1_26' title="bbox 1172 3124 2159 3220">
    <p class='ocr_par' dir='ltr' id='par_1_26' title="bbox 1172 3124 2159 3220">
     <span class='ocr_line' id='line_1_62' title="bbox 1172 3124 2159 3220; baseline -0.014 -15"><span class='ocrx_word' id='word_1_450' title='bbox 1172 3142 1266 3205; x_wconf 84' lang='lat' dir='ltr'><strong>ratos</strong></span> <span class='ocrx_word' id='word_1_451' title='bbox 1289 3142 1545 3220; x_wconf 87' lang='lat' dir='ltr'><strong>esse.sumptu;</strong></span> <span class='ocrx_word' id='word_1_452' title='bbox 1580 3130 1640 3199; x_wconf 89' lang='lat' dir='ltr'><strong>sed</strong></span> <span class='ocrx_word' id='word_1_453' title='bbox 1661 3126 1907 3198; x_wconf 88' lang='lat' dir='ltr'><strong>benevolentia</strong></span> <span class='ocrx_word' id='word_1_454' title='bbox 1925 3149 2047 3195; x_wconf 87' lang='lat' dir='ltr'><strong>eorum</strong></span> <span class='ocrx_word' id='word_1_455' title='bbox 2063 3124 2159 3192; x_wconf 87' lang='lat' dir='ltr'><strong>dele-</strong></span> 
     </span>
    </p>
   </div>
   <div class='ocr_carea' id='block_1_27' title="bbox 1168 3325 2159 3823">
    <p class='ocr_par' dir='ltr' id='par_1_27' title="bbox 1168 3325 2159 3725">
     <span class='ocr_line' id='line_1_63' title="bbox 1172 3325 2158 3424; baseline -0.005 -23"><span class='ocrx_word' id='word_1_456' title='bbox 1172 3332 1247 3401; x_wconf 87' lang='lat' dir='ltr'><strong>tum</strong></span> <span class='ocrx_word' id='word_1_457' title='bbox 1263 3356 1346 3401; x_wconf 81' lang='lat' dir='ltr'><strong>vero</strong></span> <span class='ocrx_word' id='word_1_458' title='bbox 1365 3342 1508 3424; x_wconf 85' lang='lat' dir='ltr'><strong>propter</strong></span> <span class='ocrx_word' id='word_1_459' title='bbox 1522 3354 1671 3417; x_wconf 87' lang='lat' dir='ltr'><strong>munus,</strong></span> <span class='ocrx_word' id='word_1_460' title='bbox 1696 3344 1801 3423; x_wconf 89' lang='lat' dir='ltr'><strong>teque</strong></span> <span class='ocrx_word' id='word_1_461' title='bbox 1817 3351 1898 3412; x_wconf 89' lang='lat' dir='ltr'><strong>oro,</strong></span> <span class='ocrx_word' id='word_1_462' title='bbox 1922 3341 1963 3396; x_wconf 90' lang='lat' dir='ltr'><strong>ut</strong></span> <span class='ocrx_word' id='word_1_463' title='bbox 1977 3327 2028 3394; x_wconf 90' lang='lat' dir='ltr'><strong>eis</strong></span> <span class='ocrx_word' id='word_1_464' title='bbox 2050 3325 2158 3415; x_wconf 82' lang='lat' dir='ltr'><strong>grati-</strong></span> 
     </span>
     <span class='ocr_line' id='line_1_64' title="bbox 1171 3430 2159 3524; baseline -0.01 -21"><span class='ocrx_word' id='word_1_465' title='bbox 1171 3432 1330 3503; x_wconf 84' lang='lat' dir='ltr'><strong>tudinem</strong></span> <span class='ocrx_word' id='word_1_466' title='bbox 1346 3458 1468 3503; x_wconf 88' lang='lat' dir='ltr'><strong>·meam</strong></span> <span class='ocrx_word' id='word_1_467' title='bbox 1491 3458 1654 3524; x_wconf 81' lang='lat' dir='ltr'><strong>exponas.</strong></span> <span class='ocrx_word' id='word_1_468' title='bbox 1707 3431 1792 3501; x_wconf 88' lang='lat' dir='ltr'><strong>Filii</strong></span> <span class='ocrx_word' id='word_1_469' title='bbox 1805 3430 1910 3500; x_wconf 90' lang='lat' dir='ltr'><strong>nobis</strong></span> <span class='ocrx_word' id='word_1_470' title='bbox 1927 3438 2159 3510; x_wconf 89' lang='lat' dir='ltr'><strong>curaeerunt,</strong></span> 
     </span>
     <span class='ocr_line' id='line_1_65' title="bbox 1170 3528 2158 3627; baseline -0.006 -25"><span class='ocrx_word' id='word_1_471' title='bbox 1170 3548 1203 3604; x_wconf 90' lang='lat' dir='ltr'><strong>et</strong></span> <span class='ocrx_word' id='word_1_472' title='bbox 1224 3531 1440 3627; x_wconf 68' lang='lat' dir='ltr'><strong>oro‘Depm,</strong></span> <span class='ocrx_word' id='word_1_473' title='bbox 1472 3535 1607 3604; x_wconf 84' lang='lat' dir='ltr'><strong>sontem</strong></span> <span class='ocrx_word' id='word_1_474' title='bbox 1628 3533 1838 3621; x_wconf 86' lang='lat' dir='ltr'><strong>sapientiae,</strong></span> <span class='ocrx_word' id='word_1_475' title='bbox 1869 3545 1909 3602; x_wconf 89' lang='lat' dir='ltr'><strong>ut</strong></span> <span class='ocrx_word' id='word_1_476' title='bbox 1928 3553 1994 3601; x_wconf 90' lang='lat' dir='ltr'><strong>nos</strong></span> <span class='ocrx_word' id='word_1_477' title='bbox 2013 3542 2047 3599; x_wconf 86' lang='lat' dir='ltr'><strong>et</strong></span> <span class='ocrx_word' id='word_1_478' title='bbox 2064 3528 2158 3621; x_wconf 84' lang='lat' dir='ltr'><strong>ipsos</strong></span> 
     </span>
     <span class='ocr_line' id='line_1_66' title="bbox 1168 3624 1841 3725; baseline -0.001 -20"><span class='ocrx_word' id='word_1_479' title='bbox 1168 3624 1351 3725; x_wconf 80' lang='lat' dir='ltr'><strong>gubernet.</strong></span> <span class='ocrx_word' id='word_1_480' title='bbox 1401 3633 1499 3704; x_wconf 88' lang='lat' dir='ltr'><strong>Bene</strong></span> <span class='ocrx_word' id='word_1_481' title='bbox 1514 3635 1603 3707; x_wconf 91' lang='lat' dir='ltr'><strong>vale.</strong></span> <span class='ocrx_word' id='word_1_482' title='bbox 1654 3631 1729 3705; x_wconf 88' lang='lat' dir='ltr'><strong>Cal.</strong></span> <span class='ocrx_word' id='word_1_483' title='bbox 1746 3630 1841 3704; x_wconf 90' lang='lat' dir='ltr'><strong>lulii.</strong></span> 
     </span>
    </p>

    <p class='ocr_par' dir='ltr' id='par_1_28' title="bbox 1909 3728 2107 3823">
     <span class='ocr_line' id='line_1_67' title="bbox 1909 3728 2107 3823; baseline 0.02 -23"><span class='ocrx_word' id='word_1_484' title='bbox 1909 3728 2107 3823; x_wconf 86' lang='lat' dir='ltr'><strong>Philippus.</strong></span> 
     </span>
    </p>
   </div>
   <div class='ocr_carea' id='block_1_28' title="bbox 1720 3966 2157 3980">
    <p class='ocr_par' dir='ltr' id='par_1_29' title="bbox 1720 3966 2157 3980">
     <span class='ocr_line' id='line_1_68' title="bbox 1720 3966 2157 3980; baseline -0.005 -2"><span class='ocrx_word' id='word_1_485' title='bbox 1720 3966 2157 3980; x_wconf 51' lang='grc' dir='ltr'><strong>...ῳ-...Μ</strong></span> 
     </span>
    </p>
   </div>
   <div class='ocr_carea' id='block_1_29' title="bbox 2037 4131 2143 4203">
    <p class='ocr_par' dir='ltr' id='par_1_30' title="bbox 2037 4131 2143 4203">
     <span class='ocr_line' id='line_1_69' title="bbox 2037 4131 2143 4203; baseline 0 0"><span class='ocrx_word' id='word_1_486' title='bbox 2037 4145 2067 4203; x_wconf 82' lang='lat' dir='ltr'><strong>l.</strong></span> <span class='ocrx_word' id='word_1_487' title='bbox 2082 4131 2143 4203; x_wconf 87' lang='lat' dir='ltr'><strong>Iul.</strong></span> 
     </span>
    </p>
   </div>
   <div class='ocr_carea' id='block_1_30' title="bbox 2021 4228 2153 4259">
    <p class='ocr_par' dir='ltr' id='par_1_31' title="bbox 2021 4228 2153 4259">
     <span class='ocr_line' id='line_1_70' title="bbox 2021 4228 2153 4259; baseline 0.008 -1"><span class='ocrx_word' id='word_1_488' title='bbox 2021 4228 2153 4259; x_wconf 45' lang='lat' dir='ltr'>Q</span> 
     </span>
    </p>
   </div>
   <div class='ocr_carea' id='block_1_31' title="bbox 1165 4331 1874 4588">
    <p class='ocr_par' dir='ltr' id='par_1_32' title="bbox 1165 4331 1874 4588">
     <span class='ocr_line' id='line_1_71' title="bbox 1165 4331 1874 4445; baseline -0.025 -12"><span class='ocrx_word' id='word_1_489' title='bbox 1165 4438 1169 4445; x_wconf 70' lang='grc'><strong>,</strong></span> <span class='ocrx_word' id='word_1_490' title='bbox 1452 4338 1600 4425; x_wconf 85' lang='lat' dir='ltr'><strong>Wenc.</strong></span> <span class='ocrx_word' id='word_1_491' title='bbox 1629 4331 1874 4420; x_wconf 83' lang='lat' dir='ltr'><strong>Brodense’.</strong></span> 
     </span>
     <span class='ocr_line' id='line_1_72' title="bbox 1236 4508 1816 4588; baseline -0.005 -17"><span class='ocrx_word' id='word_1_492' title='bbox 1236 4522 1255 4584; x_wconf 57' lang='grc' dir='ltr'><strong>’ς</strong></span> <span class='ocrx_word' id='word_1_493' title='bbox 1273 4516 1311 4570; x_wconf 82' lang='lat' dir='ltr'><strong>Er</strong></span> <span class='ocrx_word' id='word_1_494' title='bbox 1324 4533 1418 4588; x_wconf 75' lang='lat' dir='ltr'><strong>apogr.</strong></span> <span class='ocrx_word' id='word_1_495' title='bbox 1434 4515 1462 4568; x_wconf 90' lang='lat' dir='ltr'><strong>in</strong></span> <span class='ocrx_word' id='word_1_496' title='bbox 1475 4513 1538 4569; x_wconf 86' lang='lat' dir='ltr'><strong>cod.</strong></span> <span class='ocrx_word' id='word_1_497' title='bbox 1551 4511 1639 4568; x_wconf 77' lang='lat' dir='ltr'><strong>Paris.</strong></span> <span class='ocrx_word' id='word_1_498' title='bbox 1656 4510 1694 4568; x_wconf 91' lang='lat' dir='ltr'><strong>D.</strong></span> <span class='ocrx_word' id='word_1_499' title='bbox 1707 4509 1738 4568; x_wconf 76' lang='lat' dir='ltr'><strong>L.</strong></span> <span class='ocrx_word' id='word_1_500' title='bbox 1754 4508 1816 4568; x_wconf 72' lang='lat'><strong>⁵4⁴.</strong></span> 
     </span>
    </p>
   </div>
   <div class='ocr_carea' id='block_1_32' title="bbox 1179 4078 1581 4213">
    <p class='ocr_par' dir='ltr' id='par_1_33' title="bbox 1179 4078 1581 4213">
     <span class='ocr_line' id='line_1_73' title="bbox 1179 4078 1581 4213; baseline 0 -4"><span class='ocrx_word' id='word_1_501' title='bbox 1179 4139 1243 4212; x_wconf 77' lang='lat' dir='ltr'><strong>n..</strong></span> <span class='ocrx_word' id='word_1_502' title='bbox 1259 4137 1372 4213; x_wconf 76' lang='lat' dir='ltr'><strong>sies.</strong></span> <span class='ocrx_word' id='word_1_503' title='bbox 1422 4084 1425 4089; x_wconf 34' lang='lat'>⁵</span> <span class='ocrx_word' id='word_1_504' title='bbox 1489 4138 1493 4143; x_wconf 89' lang='lat'>·</span> <span class='ocrx_word' id='word_1_505' title='bbox 1572 4078 1581 4089; x_wconf 59' lang='grc'><strong><em>’</em></strong></span> 
     </span>
    </p>
   </div>
   <div class='ocr_carea' id='block_1_33' title="bbox 1172 4237 1384 4273">
    <p class='ocr_par' dir='ltr' id='par_1_34' title="bbox 1172 4237 1384 4273">
     <span class='ocr_line' id='line_1_74' title="bbox 1172 4237 1384 4273; baseline 0.009 -3"><span class='ocrx_word' id='word_1_506' title='bbox 1172 4237 1384 4273; x_wconf 57' lang='grc' dir='ltr'><strong>Μ</strong></span> 
     </span>
    </p>
   </div>
   <div class='ocr_carea' id='block_1_34' title="bbox 1165 4679 2160 4994">
    <p class='ocr_par' dir='ltr' id='par_1_35' title="bbox 1165 4679 2160 4994">
     <span class='ocr_line' id='line_1_75' title="bbox 1165 4679 2160 4775; baseline -0.017 -8"><span class='ocrx_word' id='word_1_507' title='bbox 1165 4684 1379 4767; x_wconf 81' lang='lat' dir='ltr'><strong>Reverendo</strong></span> <span class='ocrx_word' id='word_1_508' title='bbox 1404 4687 1498 4774; x_wconf 82' lang='lat' dir='ltr'><strong>viro,</strong></span> <span class='ocrx_word' id='word_1_509' title='bbox 1530 4683 1733 4759; x_wconf 83' lang='lat' dir='ltr'><strong>eruditione</strong></span> <span class='ocrx_word' id='word_1_510' title='bbox 1752 4691 1784 4754; x_wconf 84' lang='lat' dir='ltr'><strong>et</strong></span> <span class='ocrx_word' id='word_1_511' title='bbox 1807 4680 1937 4771; x_wconf 80' lang='lat' dir='ltr'><strong>virtute</strong></span> <span class='ocrx_word' id='word_1_512' title='bbox 1948 4679 2160 4775; x_wconf 79' lang='lat' dir='ltr'><strong>praestanti</strong></span> 
     </span>
     <span class='ocr_line' id='line_1_76' title="bbox 1166 4775 2157 4870; baseline -0.015 -1"><span class='ocrx_word' id='word_1_513' title='bbox 1166 4795 1280 4870; x_wconf 85' lang='lat' dir='ltr'><strong>Dum.</strong></span> <span class='ocrx_word' id='word_1_514' title='bbox 1303 4790 1347 4867; x_wconf 90' lang='lat' dir='ltr'><em>V</em></span> <span class='ocrx_word' id='word_1_515' title='bbox 1348 4787 1561 4864; x_wconf 86' lang='lat' dir='ltr'><strong>enceslao</strong></span> <span class='ocrx_word' id='word_1_516' title='bbox 1587 4781 1837 4870; x_wconf 84' lang='lat' dir='ltr'><strong>Brodeosi,</strong></span> <span class='ocrx_word' id='word_1_517' title='bbox 1861 4776 2022 4850; x_wconf 76' lang='lat' dir='ltr'><strong>Ductori</strong></span> <span class='ocrx_word' id='word_1_518' title='bbox 2034 4775 2157 4854; x_wconf 81' lang='lat' dir='ltr'><strong>Theo·</strong></span> 
     </span>
     <span class='ocr_line' id='line_1_77' title="bbox 1255 4875 2068 4994; baseline -0.02 -25"><span class='ocrx_word' id='word_1_519' title='bbox 1255 4895 1396 4993; x_wconf 80' lang='lat' dir='ltr'><strong>legiae,</strong></span> <span class='ocrx_word' id='word_1_520' title='bbox 1414 4891 1542 4994; x_wconf 83' lang='lat' dir='ltr'><strong>fratri</strong></span> <span class='ocrx_word' id='word_1_521' title='bbox 1557 4916 1626 4963; x_wconf 88' lang='lat' dir='ltr'><strong>suo</strong></span> <span class='ocrx_word' id='word_1_522' title='bbox 1641 4883 1834 4961; x_wconf 82' lang='lat' dir='ltr'><strong>carissimo</strong></span> <span class='ocrx_word' id='word_1_523' title='bbox 1853 4881 1893 4951; x_wconf 85' lang='lat' dir='ltr'><strong>in</strong></span> <span class='ocrx_word' id='word_1_524' title='bbox 1910 4875 2068 4960; x_wconf 84' lang='lat' dir='ltr'><strong>Russio.</strong></span> 
     </span>
    </p>
   </div>
   <div class='ocr_carea' id='block_1_35' title="bbox 1168 5040 2168 5346">
    <p class='ocr_par' dir='ltr' id='par_1_36' title="bbox 1168 5040 2168 5346">
     <span class='ocr_line' id='line_1_78' title="bbox 1168 5040 2154 5138; baseline -0.027 -1"><span class='ocrx_word' id='word_1_525' title='bbox 1168 5049 1216 5138; x_wconf 82' lang='lat' dir='ltr'><strong>S.</strong></span> <span class='ocrx_word' id='word_1_526' title='bbox 1241 5058 1287 5134; x_wconf 89' lang='lat' dir='ltr'><strong>D.</strong></span> <span class='ocrx_word' id='word_1_527' title='bbox 1311 5100 1313 5105; x_wconf 58' lang='lat'>&gt;</span> <span class='ocrx_word' id='word_1_528' title='bbox 1338 5057 1548 5133; x_wconf 87' lang='lat' dir='ltr'><strong>Reverende</strong></span> <span class='ocrx_word' id='word_1_529' title='bbox 1569 5040 1627 5120; x_wconf 86' lang='lat' dir='ltr'><strong>vir</strong></span> <span class='ocrx_word' id='word_1_530' title='bbox 1650 5063 1684 5117; x_wconf 90' lang='lat' dir='ltr'><strong>et</strong></span> <span class='ocrx_word' id='word_1_531' title='bbox 1708 5044 1825 5117; x_wconf 79' lang='lat' dir='ltr'><strong>carisa.</strong></span> <span class='ocrx_word' id='word_1_532' title='bbox 1847 5043 1968 5117; x_wconf 86' lang='lat' dir='ltr'><strong>frater.</strong></span> <span class='ocrx_word' id='word_1_533' title='bbox 2028 5040 2154 5113; x_wconf 90' lang='lat' dir='ltr'><strong>Subito</strong></span> 
     </span>
     <span class='ocr_line' id='line_1_79' title="bbox 1169 5140 2155 5247; baseline -0.021 -17"><span class='ocrx_word' id='word_1_534' title='bbox 1169 5164 1321 5232; x_wconf 86' lang='lat' dir='ltr'><strong>scribere</strong></span> <span class='ocrx_word' id='word_1_535' title='bbox 1343 5183 1400 5227; x_wconf 89' lang='lat' dir='ltr'><strong>me</strong></span> <span class='ocrx_word' id='word_1_536' title='bbox 1423 5153 1620 5247; x_wconf 89' lang='lat' dir='ltr'><strong>oportebat.</strong></span> <span class='ocrx_word' id='word_1_537' title='bbox 1669 5145 1781 5217; x_wconf 90' lang='lat' dir='ltr'><strong>Dabis</strong></span> <span class='ocrx_word' id='word_1_538' title='bbox 1799 5145 1907 5237; x_wconf 83' lang='lat' dir='ltr'><strong>igitur</strong></span> <span class='ocrx_word' id='word_1_539' title='bbox 1920 5145 2060 5214; x_wconf 90' lang='lat' dir='ltr'><strong>veniam</strong></span> <span class='ocrx_word' id='word_1_540' title='bbox 2073 5140 2155 5210; x_wconf 87' lang='lat' dir='ltr'><strong>bre-</strong></span> 
     </span>
     <span class='ocr_line' id='line_1_80' title="bbox 1168 5237 2168 5346; baseline -0.019 -14"><span class='ocrx_word' id='word_1_541' title='bbox 1168 5259 1281 5332; x_wconf 87' lang='lat' dir='ltr'><strong>vitati.</strong></span> <span class='ocrx_word' id='word_1_542' title='bbox 1332 5253 1380 5327; x_wconf 85' lang='lat' dir='ltr'><strong>Et</strong></span> <span class='ocrx_word' id='word_1_543' title='bbox 1394 5280 1438 5326; x_wconf 84' lang='lat' dir='ltr'><strong>ex</strong></span> <span class='ocrx_word' id='word_1_544' title='bbox 1452 5251 1615 5346; x_wconf 72' lang='lat' dir='ltr'><strong>pagellis,</strong></span> <span class='ocrx_word' id='word_1_545' title='bbox 1638 5248 1860 5346; x_wconf 66' lang='lat' dir='ltr'><strong>qni-mitto,</strong></span> <span class='ocrx_word' id='word_1_546' title='bbox 1885 5244 2002 5317; x_wconf 86' lang='lat' dir='ltr'><strong>studia</strong></span> <span class='ocrx_word' id='word_1_547' title='bbox 2016 5237 2168 5341; x_wconf 71' lang='lat' dir='ltr'><strong>Acade-5</strong></span> 
     </span>
    </p>
   </div>
   <div class='ocr_carea' id='block_1_36' title="bbox 1115 5340 2157 5451">
    <p class='ocr_par' dir='ltr' id='par_1_37' title="bbox 1115 5340 2157 5451">
     <span class='ocr_line' id='line_1_81' title="bbox 1115 5340 2157 5451; baseline -0.02 -20"><span class='ocrx_word' id='word_1_548' title='bbox 1115 5402 1119 5406; x_wconf 92' lang='lat'>·</span> <span class='ocrx_word' id='word_1_549' title='bbox 1169 5361 1260 5432; x_wconf 86' lang='lat' dir='ltr'><strong>miae</strong></span> <span class='ocrx_word' id='word_1_550' title='bbox 1273 5376 1471 5447; x_wconf 75' lang='lat' dir='ltr'><strong>cognoscet,</strong></span> <span class='ocrx_word' id='word_1_551' title='bbox 1490 5349 1661 5451; x_wconf 66' lang='lat' dir='ltr'><strong>quaene</strong></span> <span class='ocrx_word' id='word_1_552' title='bbox 1677 5352 1848 5433; x_wconf 76' lang='lat' dir='ltr'><strong>beneficio</strong></span> <span class='ocrx_word' id='word_1_553' title='bbox 1859 5340 2049 5416; x_wconf 87' lang='lat' dir='ltr'><strong>mediocria</strong></span> <span class='ocrx_word' id='word_1_554' title='bbox 2061 5358 2157 5418; x_wconf 67' lang='lat' dir='ltr'><strong>aunt</strong></span> 
     </span>
    </p>
   </div>
   <div class='ocr_carea' id='block_1_37' title="bbox 1171 5442 2157 5632">
    <p class='ocr_par' dir='ltr' id='par_1_38' title="bbox 1171 5442 2157 5632">
     <span class='ocr_line' id='line_1_82' title="bbox 1171 5442 2157 5632; baseline -0.018 -96"><span class='ocrx_word' id='word_1_555' title='bbox 1171 5459 1335 5549; x_wconf 73' lang='lat' dir='ltr'><strong>Gratiam</strong></span> <span class='ocrx_word' id='word_1_556' title='bbox 1354 5459 1422 5533; x_wconf 89' lang='lat' dir='ltr'><strong>tibi</strong></span> <span class='ocrx_word' id='word_1_557' title='bbox 1444 5453 1577 5632; x_wconf 50' lang='lat' dir='ltr'><strong>heppo,</strong></span> <span class='ocrx_word' id='word_1_558' title='bbox 1608 5456 1707 5552; x_wconf 84' lang='lat' dir='ltr'><strong>qnod</strong></span> <span class='ocrx_word' id='word_1_559' title='bbox 1725 5466 1763 5526; x_wconf 81' lang='lat' dir='ltr'><strong>et</strong></span> <span class='ocrx_word' id='word_1_560' title='bbox 1784 5442 1991 5523; x_wconf 84' lang='lat' dir='ltr'><strong>memoriam</strong></span> <span class='ocrx_word' id='word_1_561' title='bbox 2015 5456 2157 5521; x_wconf 79' lang='lat' dir='ltr'><strong>nostrae</strong></span> 
     </span>
    </p>
   </div>
   <div class='ocr_carea' id='block_1_38' title="bbox 0 0 2392 6021">
    <p class='ocr_par' dir='ltr' id='par_1_39' title="bbox 0 0 2392 6021">
     <span class='ocr_line' id='line_1_83' title="bbox 0 0 2392 6021; baseline 0 0"><span class='ocrx_word' id='word_1_562' title='bbox 0 0 2392 6021; x_wconf 95' lang='lat' dir='ltr'><strong> </strong></span> 
     </span>
    </p>
   </div>
  </div>
 </body>
</html>
