4776 6024
174 315 251 391 sao
515 364 519 370 .
751 294 1451 397 aersroca'nunsma.x11.
1506 292 1637 398 ress.
2123 306 2206 403 'no

174 490 235 560 sed
253 486 366 558 multo
383 486 497 558 maior
515 501 577 559 est·
590 488 691 577 culpa
712 487 823 579 ipsius
838 487 1050 574 iuventutis,
1069 511 1165 582 ,quae
1216 485 1393 581 tyrocinia
1409 487 1500 560 liunt
1516 487 1554 558 in
1570 488 1639 582 piis
1662 493 1777 566 cultus
1793 494 1871 566 Deo
1889 490 2065 589 placentes
2088 493 2123 570 'et
2145 523 2201 571 sa-

173 581 209 662 ¹et
227 603 414 681 parentum
436 589 586 678 gemitus
607 603 642 660 et
667 591 872 660 docentium
902 590 1165 660 admonitiones
1216 587 1359 664 crificia.
1409 586 1550 661 Deinde
1575 594 1676 663 fateri
1698 619 1838 668 necesse
1861 612 1930 684 est,
1961 600 2198 690 cognitionem

175 706 210 764 et
222 688 429 783 Principum
455 691 567 763 edicta
591 691 806 776 contemnit,
830 702 867 760 et
887 691 1040 762 subinde
1061 691 1164 761 novis
1213 690 1399 761 doctrinae
1422 693 1654 764 necessariam
1675 717 1767 781 esse,
1799 712 1833 771 et
1860 713 1943 771 ante
1965 700 2198 771 mutationem

175 793 212 864 et
233 789 508 862 deformioribus
527 791 695 883 exemplis
718 800 846 862 nervos
867 792 1078 885 disciplinae
1101 815 1163 883 pe-
1214 789 1416 861 animorum
1442 807 1477 864 et
1492 795 1657 887 deinceps
1672 820 1820 890 semper.
1868 799 1950 870 Non
1972 801 2068 870 enim
2095 803 2197 871 aliter

174 893 481 993 tulanterincidit.
532 891 680 987 Loquor
694 906 811 963 autem
828 916 925 964 nunc
940 897 1084 980 nonde
1109 893 1168 964 le-'
1213 891 1308 962 filius
1324 890 1393 962 Dei
1409 885 1519 994 λόγος
1531 895 1739 990 cuiusquam
1761 901 1872 971 menti
1890 895 1999 972 vitam
2021 915 2056 972 et
2080 903 2194 973 lucem

173 992 278 1087 gibus
298 992 549 1085 imperiorum,
573 1017 663 1088 qnae
687 993 849 1086 capitalia
871 993 1003 1065 iudicia
1024 1009 1162 1086 regunt,
1212 992 1358 1077 tribuit,
1390 996 1460 1064 nisi
1484 1021 1568 1067 voce
1588 999 1781 1074 doctrinae.
1833 1000 1940 1090 Quod
1961 1026 2042 1074 cum
2066 1003 2115 1074 ita
2141 1003 2198 1090 sit,

173 1098 235 1168 sed
252 1088 376 1164 dehac
393 1107 493 1185 parte
511 1094 762 1186 paedagogiae,
787 1118 878 1189 quae
896 1106 1038 1167 externa
1054 1117 1175 1187 erer-¹
1211 1093 1388 1185 negligere
1410 1097 1526 1167 studia
1546 1099 1728 1169 doctrinae
1752 1095 1844 1174 hanc
1863 1104 1911 1172 ob
1927 1126 2086 1187 causam,
2111 1104 2196 1199 quia

174 1190 258 1271 citis
273 1196 450 1288 continet,
468 1194 681 1287 pertinentia
699 1199 743 1266 ad
761 1198 911 1290 primam
926 1198 1082 1268 tabulam
1098 1198 1160 1267 de·
1212 1219 1288 1266 non
1302 1197 1376 1267 sint
1390 1195 1544 1284 iusticia,
1570 1194 1754 1272 horribilis
1768 1202 1870 1273 furor
1883 1217 1919 1274 et
1934 1204 2096 1296 impietas
2111 1219 2172 1278 est.

174 1296 309 1388 talogi,
335 1297 373 1368 in
395 1295 570 1367 discendis
591 1297 706 1368 initiis
726 1299 909 1368 doctrinae
934 1299 979 1368 de
1000 1298 1095 1378 Deo,
1121 1297 1158 1366 in
1313 1292 1448 1368 Audivi
1472 1314 1590 1369 autem
1616 1302 1763 1386 multos,
1791 1319 1825 1376 et
1845 1305 1989 1398 quidem
2009 1301 2194 1376 scholasti·
2272 1388 2279 1394 ¹

174 1398 325 1472 lectione
339 1412 374 1470 et
388 1397 594 1468 recitatione
607 1423 770 1490 precum,
798 1398 981 1471 inritibus
1000 1400 1069 1493 piis
1092 1399 1160 1468 mi·
1211 1420 1288 1482 cos,
1320 1423 1473 1492 qnorum
1497 1413 1591 1470 aetas
1618 1425 1692 1471 non
1716 1405 1841 1493 procul
1864 1427 1884 1473 a
1909 1406 2077 1477 vicesimo
2099 1426 2194 1474 anno

174 1500 321 1572 nisterii-
340 1495 546 1588 Evangelici
578 1499 772 1578 servandis.
851 1497 992 1571 Deinde
1023 1513 1059 1571 et
1090 1500 1159 1570 alie
1211 1499 1349 1590 aberat,
1375 1500 1439 1593 qni
1456 1499 1668 1592 Symbolum
1685 1498 1940 1593 Apostolorum
1956 1504 2105 1578 recitare
2119 1531 2194 1577 non

174 1599 391 1695 pertinentia
413 1600 464 1671 ad
478 1602 670 1671 secundam
690 1598 870 1686 tabulam,
890 1600 929 1669 in
945 1601 1158 1695 quibusdam
1209 1611 1384 1691 poterant.
1434 1597 1542 1670 Tales
1563 1613 1626 1670 aut
1646 1625 1727 1672 raro
1750 1614 1812 1674 aut
1833 1628 2019 1701 nunqnam
2042 1606 2194 1679 excitant

172 1701 334 1774 iustitiae
351 1699 495 1785 officiis,
520 1716 555 1772 et
579 1701 751 1772 intuenda
768 1703 999 1794 temperantia
1024 1715 1058 1772 et
1082 1725 1159 1769 mo·
1210 1713 1344 1769 mentes
1366 1699 1412 1769 ad
1433 1701 1682 1791 cogitationem
1703 1704 1749 1774 de
1769 1702 1845 1776 Deo
1868 1719 1904 1778 et
1926 1710 1972 1779 ad
1995 1706 2194 1780 invocatio-

172 1801 295 1875 destia.
347 1798 443 1873 Sunt
460 1801 555 1871 enim
571 1795 658 1873 haec
673 1802 831 1874 iusticiae
856 1803 1018 1893 propria,
1056 1824 1159 1872 reve-
1209 1823 1302 1870 nem.
1357 1798 1485 1872 Postea
1517 1800 1754 1896 impelluntur
1781 1802 1968 1896 prophana
1995 1822 2138 1899 pectora
2171 1828 2192 1879 a

173 1902 287 1976 tentia
305 1924 386 1992 erga
405 1916 567 1994 parentes
590 1916 624 1972 et
639 1905 914 1983 doctores,‚non
938 1904 1081 1973 turbare
1108 1902 1159 1973 ci·
1210 1899 1371 1971 Diabolis
1393 1901 1432 1970 in
1458 1903 1555 1973 varia
1579 1903 1718 1973 scelera.
1775 1904 1965 1979 Sumamus
1986 1908 2096 2000 igitur
2118 1910 2192 1979 sin·

172 2006 272 2077 mum
287 2016 322 2081 et
334 2016 557 2093 aegrotorum
575 2004 728 2096 quietem
748 2003 852 2085 rixis,
878 2005 1072 2075 barbaricis
1094 2027 1158 2073 vo·
1209 2003 1283 2090 guli
1299 2016 1455 2092 tempora
1472 2003 1590 2096 aliqua
1609 2006 1653 2073 ad
1670 2004 1933 2094 recitationem,
1958 2003 1998 2080 ut
2022 2010 2193 2082 excitetur

170 2096 439 2180 ciferationibns
463 2117 497 2175 et
512 2104 741 2191 tumultibus,
767 2105 885 2179 debita
904 2112 1157 2196 tempora‘stu·
1210 2103 1385 2173 invocatio
1406 2118 1442 2175 et
1466 2096 1529 2173 alii
1551 2103 1603 2197 pii
1627 2117 1756 2177 motus.
1815 2104 1869 2178 Ac
1905 2109 2115 2180 nominatim
2148 2114 2191 2180 de

174 2208 244 2289 diis
259 2206 621 2280 doetrinaetribucre.
671 2204 942 2298 Temperantiae
960 2219 1061 2289 sunt,
1084 2227 1158 2274 ser·
1208 2201 1380 2298 Symbolo
1396 2203 1530 2276 dicam:
1557 2205 1689 2276 multae
1702 2207 1928 2296 gravissimae
1948 2217 2073 2281 causae
2096 2224 2191 2294 sont,

174 2309 421 2382 varemodum
435 2306 474 2377 in
489 2305 568 2377 cibo
583 2318 616 2377 et
630 2320 719 2398 potu
734 2307 1005 2378 convenientem
1019 2306 1157 2376 valetu-
1209 2327 1273 2374 cur
1293 2305 1517 2377 adsuefacere
1543 2329 1610 2377 nos
1639 2308 1684 2377 ad
1717 2309 1962 2382 recitationem
1986 2312 2190 2388 debeamus.

174 2409 274 2491 dini,
300 2422 335 2480 et
346 2421 438 2481 recte
453 2406 671 2498 distinguere
689 2408 873 2490 laborum,
898 2408 973 2479 cibi
986 2419 1022 2478 et
1040 2406 1158 2477 somni
1208 2403 1370 2476 Primum
1388 2407 1419 2476 si
1438 2429 1539 2477 mens
1558 2419 1611 2477 est
1626 2407 1704 2500 pia,
1727 2408 1767 2479 in
1788 2405 1855 2501 hac
1875 2412 1952 2504 ipsa
1973 2413 2192 2507 pronuncia.

174 2527 346 2604 tempora.
396 2507 593 2581 Modestiae
607 2524 710 2595 sunt,
734 2509 773 2578 in
789 2513 952 2579 sermone
964 2508 1077 2579 vitare
1092 2508 1159 2579 ob-
1208 2506 1326 2591 tione,
1351 2521 1391 2578 ut
1403 2507 1662 2601 simplicissime
1686 2509 1833 2604 loquar,
1855 2511 2004 2604 cogitet,
2029 2515 2106 2584 fieri
2127 2514 2192 2585 ad·
2248 2526 2253 2539 ’

176 2612 398 2696 scenitatem,
426 2609 692 2690 scurrilitatem,
718 2609 955 2699 arrogantiam
976 2603 1158 2680 thrasoni·
1209 2608 1436 2698 plicationem
1451 2608 1704 2681 beneficiorum
1726 2610 1792 2680 filii
1807 2608 1888 2688 Dei.
1936 2611 2054 2686 Credo
2079 2615 2118 2684 in
2135 2612 2195 2685 le-.

174 2736 272 2794 cam,
288 2711 467 2796 convicia,
491 2710 737 2796 virulentiam,
752 2709 970 2782 atrocitatem
983 2723 1018 2782 et
1030 2712 1158 2797 minas,
1209 2731 1287 2778 sum
1307 2703 1511 2795 Christum,
1542 2711 1649 2780 credo
1680 2712 1924 2785 remissionem
1953 2728 2190 2808 peccatorum,

173 2814 375 2890 torvitatem
397 2813 575 2902 ingestu,
624 2813 775 2883 formam
797 2812 952 2883 vestibus
972 2835 1047 2884 non
1070 2835 1158 2882 con·
1207 2809 1358 2895 scilicet,
1389 2803 1481 2879 mihi
1501 2812 1789 2905 quoque'tribni.
1840 2813 1994 2886 Memini
2015 2817 2192 2910 quendam

170 2915 375 3010 ,seuientem
390 2936 570 3007 personae.
622 2911 665 2984 ln
679 2907 736 2984 his
749 2913 855 2984 rebus
870 2913 1048 2984 discedere
1068 2936 1089 2984 a
1106 2914 1158 2983 le-
1208 2911 1271 3005 qui
1285 2924 1368 2982 ante
1384 2910 1516 2982 multos
1529 2935 1643 2982 annos
1657 2913 1798 2985 dicebat
1815 2909 1880 2986 hac
1898 2938 1935 2987 se
1950 2918 2192 2991 consolatione

172 3013 326 3109 ‘gibut'et
339 3015 482 3087 iudiciis
496 3027 684 3109 parentum
704 3028 739 3088 et
757 3015 911 3086 aliorum
925 3008 1158 3087 honestorum
1208 3012 1394 3112 praecipue
1418 3013 1661 3084 continuatam
1685 3035 1765 3091 esse„
1779 3015 1819 3085 in
1843 3017 1980 3108 magnis
1996 3006 2193 3095 doloribus.

173 3112 381 3202 bominum,
406 3117 551 3187 initium
567 3129 619 3188 est
634 3116 875 3189 contumaciae
887 3118 1097 3188 etlurorum
1118 3115 1158 3187 in
1209 3112 1347 3185 Deinde
1371 3113 1663 3188 commonefactio
1686 3127 1738 3189 est
1759 3114 1805 3188 de
1826 3119 1994 3191 omnibus
2014 3116 2084 3192 Dei
2099 3112 2195 3213 '’ope'-
2250 3171 2259 3183 ,

169 3220 279 3294 rebus
291 3218 472 3305 maximis,
496 3231 537 3290 ut
550 3219 733 3290 manifesta
749 3217 968 3312 ‘experientia
987 3217 1157 3290 ostendit.
1211 3215 1329 3299 ribus,
1363 3216 1407 3284 de
1429 3215 1626 3302 creatione,
1659 3217 1704 3287 de
1727 3219 1970 3310 redemptione
1992 3221 2088 3293 etde
2109 3245 2193 3313 per·

175 3318 262 3393 Ideo
281 3342 408 3411 magno
434 3321 558 3390 dolore
586 3342 710 3391 omnes
738 3314 881 3391 honesti
901 3314 1065 3390 homines
1094 3320 1159 3393 ad·
1211 3331 1315 3408 petua
1338 3311 1517 3385 Ecclesiae
1542 3316 1763 3394 collectione,
1821 3315 1913 3390 Cum
1944 3322 2052 3407 dicis,
2084 3324 2192 3392 credo

174 3422 360 3506 liniuntur,
385 3444 466 3492 cum
486 3421 609 3492 vident
634 3415 721 3490 haec
741 3420 910 3510 exempla¹
923 3408 1159 3510 negligentiae
1209 3437 1283 3486 esse
1305 3411 1499 3509 Ecclesiam
1521 3409 1750 3501 catholicam,
1777 3440 1878 3488 mens
1900 3421 2042 3510 cogitet,
2068 3421 2132 3493 ubi
2158 3436 2193 3495 et
2262 3492 2267 3505 ,

170 3537 238 3596 aut
260 3521 487 3614 petulantiae.
544 3517 595 3592 Et
621 3532 784 3589 nostrum
811 3518 972 3590 dolorem
998 3517 1159 3613 quotidie
1210 3539 1301 3610 qnae
1315 3513 1360 3582 sit
1372 3510 1648 3612 Ecclesiagetse
1663 3516 1700 3584 ei
1708 3516 1887 3607 adiungat.
1922 3517 2024 3592 Nihil
2039 3523 2076 3591 in
2093 3544 2193 3592 snm·

174 3622 396 3713 ostendimus
415 3642 500 3699 nos,
526 3620 590 3711 qui
609 3621 655 3689 ad
670 3613 823 3690 docendi
840 3617 1006 3689 militiam
1032 3615 1161 3688 delecti
1212 3616 1280 3685 mis
1295 3613 1464 3706 periculis
1478 3615 1522 3685 ad
1537 3614 1815 3687 consolationem
1829 3619 2004 3692 efficacius
2019 3635 2071 3693 est
2084 3624 2193 3711 totins

170 3724 306 3794 snmus.
357 3717 553 3791 Hortamur
575 3742 719 3807 omnes,
742 3733 785 3792 nt
803 3719 972 3790 mandata
991 3715 1078 3804 Dei,
1101 3717 1161 3788 iu·
1211 3713 1374 3811 Symboli
1391 3714 1694 3804 consideratione,
1718 3729 1759 3788 ut
1773 3718 1831 3789 vir
1848 3720 2034 3795 doctus-et
2053 3724 2193 3814 sapiens

175 3822 268 3897 dicia
301 3835 488 3915 parentum
520 3843 667 3892 suornm
705 3819 741 3893 et
773 3819 937 3903 ordinem
969 3818 1161 3904 actionum,
1210 3814 1461 3910 Hieronymus
1482 3808 1696 3911 Schurfius,
1719 3815 1813 3891 luris
1834 3820 1985 3910 Doctor,
2009 3847 2090 3894 cum
2108 3846 2192 3894 sen-

174 3949 279 4020 quem
295 3925 448 4018 probant
462 3918 625 3993 homines
640 3918 804 4005 honesti,
828 3934 959 3994 ament.
1007 3918 1087 3992 Hoc
1101 3943 1161 3990 ar·
1210 3919 1293 3991 tiret
1313 3930 1477 3989 naturam
1497 3919 1622 3991 morbo
1645 3918 1759 4008 vinci,
1783 3943 1892 4017 seque
1916 3922 1986 3994 iam
2009 3936 2123 3996 totum
2144 3926 2192 3997 ed

172 4041 341 4118 gumento
355 4049 479 4110 senex,
504 4026 721 4111 eruditione,
745 4024 878 4095 virtute
901 4035 938 4096 et
957 4021 1160 4116 eloquentia
1212 4019 1459 4112 cogitationem
1474 4018 1520 4092 de
1540 4016 1618 4092 Deo
1640 4034 1676 4093 et
1687 4022 1835 4095 domino
1852 4037 1975 4097 nostro
1990 4023 2070 4097 lesu
2082 4022 2191 4098 Cbri·

174 4129 368 4210 excellens,
403 4122 595 4199 Amoldus
622 4122 813 4199 Berenices
838 4119 933 4197 hanc
960 4125 1160 4197 orationem
1211 4136 1266 4194 sto
1280 4120 1550 4215 composuisset,
1575 4134 1650 4194 toto
1670 4124 1790 4198 morbi
1803 4138 1961 4218 tempore
1980 4126 2054 4198 iere
2066 4128 2193 4218 singu·
2323 4148 2338 4169 ‘-

171 4230 342 4322 scriptam
356 4230 480 4301 edidit.
1200 4224 1257 4322 lis
1278 4218 1377 4294 horis
1396 4225 1576 4316 repetebat
1590 4222 1801 4319 Symbolum
1825 4239 1922 4299 tanta
1941 4226 2054 4310 animi
2067 4228 2193 4300 alacri·
2291 4283 2296 4291 .

174 4392 177 4397 .
283 4329 334 4402 Ut
360 4344 478 4400 autem
502 4328 629 4402 Astrea
658 4329 760 4421 pulsa
790 4352 833 4398 er
858 4327 1011 4401 urbibus
1040 4340 1160 4399 tamen
1211 4332 1301 4410 me,
1317 4325 1568 4418 'ut'praecipue
1584 4325 1647 4396 illa
1664 4326 1993 4425 confessionsstrigi
2012 4343 2048 4402 et
2062 4331 2193 4400 confir·
2273 4361 2276 4364 ·

173 4432 215 4501 in
250 4453 335 4500 rure
369 4431 508 4524 aliquos
539 4430 669 4500 dieitur
706 4429 882 4502 invenisse
921 4442 1057 4514 conus,
1097 4425 1165 4521 qui
1213 4424 1304 4496 mari
1319 4439 1531 4500 temeretur.
1582 4420 1639 4498 Ad
1660 4427 1762 4498 illum
1781 4450 1928 4518 agonem
1948 4431 2108 4525 qnotidie
2127 4454 2193 4500 nos

175 4555 254 4603 eam
270 4531 422 4601 audiunt
433 4545 467 4602 et
483 4532 516 4601 ei
533 4531 723 4619 obediunt,
750 4531 797 4603 ita
814 4543 850 4601 et
866 4543 1007 4600 nostrae
1028 4521 1162 4599 adhor-
1214 4527 1480 4621 praeparemus,
1505 4543 1546 4599 ut
1560 4529 1666 4598 rerba
1680 4526 1844 4623 Symboli
1859 4545 1894 4604 et
1912 4545 2088 4604 certaru-
2102 4554 2194 4605 sen·
2255 4546 2267 4558 ”

174 4633 346 4715 tationes,
379 4633 445 4702 etsi
476 4657 495 4702 a
528 4632 650 4703 multis
680 4633 905 4718 deridentur,
938 4644 1058 4703 tamma
1086 4652 1161 4698 non
1213 4628 1403 4699 tentiamm
1419 4628 1522 4699 nobis
1534 4628 1807 4701 familiarissima
1822 4632 1913 4714 sint,
1938 4656 1984 4702 ne
1998 4634 2038 4702 in
2053 4632 2117 4703 illo
2135 4658 2195 4703 ar·

174 4757 322 4830 prorsus
333 4733 453 4804 irritae
469 4748 592 4819 erunt,
614 4733 696 4827 qnia
713 4733 884 4825 scriptum
905 4746 971 4804 est:
998 4754 1073 4801 non
1095 4730 1164 4800 erit
1214 4730 1323 4801 ticulo
1353 4729 1471 4800 desint
1500 4753 1599 4800 arma
1627 4732 1831 4802 necessaria.
1888 4728 1957 4802 Est
1978 4745 2012 4804 et
2033 4735 2195 4839 quotidie

175 4836 280 4908 labor
302 4850 417 4907 vester
432 4835 550 4905 inanis
567 4835 606 4903 in
629 4834 790 4904 domino.
839 4833 909 4906 Sed
925 4833 1164 4905 vociferantur
1215 4832 1434 4904 ostendenda
1452 4844 1574 4903 contra
1597 4831 1760 4903 diabolos
1774 4832 1958 4903 confessio.
2010 4831 2197 4906 Praeterea

171 4938 341 5032 ¹qnidam:
369 4960 433 5005 cur
453 4937 574 5006 frenos
597 4937 702 5006 nobis
721 4935 888 5021 iniicitis,
911 4959 992 5007 cum
1008 4932 1164 5007 doceatis
1214 4945 1368 5028 quantus
1393 4945 1519 5025 stupor
1547 4945 1618 5017 est,
1647 4956 1723 5002 non
1744 4932 1848 5002 adfici
1865 4933 1925 5003 vet
1949 4937 2198 5008 communibus

177 5031 271 5111 hanc
287 5037 509 5127 diligentiam
523 5037 669 5128 regendi
683 5049 843 5107 externos
857 5049 988 5126 gestus,
1001 5058 1077 5105 non
1091 5056 1165 5105 esse
1214 5034 1413 5118 aerumnis,
1447 5034 1505 5103 vel
1526 5033 1682 5124 propriis
1702 5031 1912 5105 vulneribus
1935 5048 1997 5107 eut
2013 5038 2196 5128 periculis,

179 5139 354 5212 iusticiam
389 5144 672 5234 propterquam
696 5135 795 5211 Deus
827 5135 953 5228 recipit
980 5131 1167 5205 homines?
1217 5155 1369 5228 quorum
1384 5145 1672 5225 conspectusnos
1691 5134 1989 5205 commonefacere
2008 5138 2055 5206 de
2075 5152 2197 5228 precess

179 5237 274 5312 Huic
287 5241 478 5312 obiectioni
494 5263 596 5332 saepe
613 5240 652 5309 in
668 5237 800 5310 nostris
820 5235 959 5328 scriptis
980 5249 1016 5308 et
1034 5258 1168 5306 sermo-
1217 5234 1316 5306 tione
1330 5233 1489 5307 debebat.
1517 5227 1573 5304 'Et
1592 5232 1633 5301 in
1643 5232 1851 5307 recitatione
1859 5233 2026 5331 ‚Symboli
2039 5258 2119 5307 cnm
2133 5238 2197 5311 sd·

178 5343 287 5415 nibus
315 5345 587 5436 respondemus:
624 5342 792 5413 mandato
823 5338 893 5412 Dei
924 5338 1169 5429 obtemperare
1217 5333 1388 5428 spicimns
1410 5346 1570 5405 nostram
1590 5332 1868 5420 imbecillitatem
1891 5349 1927 5407 et
1950 5336 2199 5435 dubitationes,
2224 5408 2231 5422 ,

177 5468 302 5517 omnes
322 5467 465 5516 necesse
485 5458 556 5530 est,
586 5438 635 5517 Εἰ
655 5436 746 5515 baec
764 5442 840 5536 ipsa
864 5437 1025 5536 quamvis
1045 5437 1170 5528 exigua
1220 5436 1344 5511 eseber
1360 5434 1562 5530 repetitum
1583 5434 1842 5613 warinus
1861 5458 1929 5507 nos
1949 5436 2217 5567 πεσῇ*ι
