4734 6016
161 302 241 380 ⁸1⁷

160 470 359 602 Q.

512 661 570 750 11.
591 618 806 751 llesoldo.
917 689 929 699 ⁷

172 916 176 921 Ι
265 832 352 909 Εριιι.
372 832 464 891 titv.
482 834 583 908 past.

163 993 449 1090 Hieronymo
470 989 698 1082 Besoldo,
732 988 877 1066 docenti
898 987 1048 1087 Evong.
1070 984 1153 1063 No·

548 1095 764 1192 rimbergne.

163 1231 215 1320 S.
241 1240 286 1315 D.
335 1242 423 1338 Legi
444 1245 612 1339 scriptum
630 1239 808 1317 Palatini
829 1234 1086 1342 Wolsgnngi,
1109 1240 1154 1308 de

163 1373 237 1442 quo
259 1370 408 1418 censura
430 1360 545 1418 vestra
575 1347 683 1419 etiam
707 1349 886 1438 explorata
910 1359 973 1418 est.
1031 1339 1150 1412 Meam

163 1463 251 1543 puto
265 1449 477 1519 severiorem
490 1444 518 1544 ¹)
533 1450 641 1520 luisse
650 1442 693 1542 ²).
742 1449 831 1518 Nam
849 1449 987 1540 aliquot
1008 1444 1153 1536 paginas

163 1549 300 1622 mutavi
315 1545 397 1643 napi
414 1546 707 1646 ἀναβαπτιστῶν
720 1566 755 1621 et
770 1552 867 1622 alias.
908 1546 1151 1621 precationem

162 1654 208 1724 de
224 1650 329 1722 Festo
353 1650 485 1726 Trinit.
504 1653 614 1721 aliam
638 1652 790 1733 inserui,
823 1650 1063 1720 continentem
1086 1649 1153 1715 do·

163 1754 314 1835 ctrinam
346 1753 578 1848 necessariam
607 1754 652 1823 de
678 1753 881 1822 discrimine
910 1771 1152 1841 personarum.

163 1852 387 1941 Mentionem
405 1855 475 1924 mei
490 1855 594 1939 libri,
620 1856 681 1948 qui
698 1856 842 1925 titulum
858 1848 964 1921 hahet
978 1851 1150 1932 locorum,

162 1980 307 2047 prorsus
327 1957 471 2041 sustuli,
509 1957 605 2050 quod
635 1956 816 2040 fecissem,
850 1952 988 2024 etiamsi
1010 1942 1152 2020 Gallus

163 2083 238 2126 non
257 2052 541 2148 reprehenderet.
594 2054 732 2126 Vellem
754 2070 871 2128 autem
888 2058 1010 2124 doctos
1027 2065 1061 2121 et
1074 2052 1152 2142 pios

163 2161 208 2230 de
232 2159 355 2230 multis
377 2158 593 2250 gravissimis
612 2155 719 2228 rebus
733 2179 835 2249 posse
857 2152 1024 2246 colloqui.
1077 2149 1152 2220 'l'a-

163 2260 351 2333 bellarium
369 2256 464 2330 hunc
482 2284 559 2328 meo
574 2274 694 2329 sumtu
717 2261 839 2326 advos
860 2254 959 2337 misi,
983 2266 1025 2324 ut
1040 2247 1152 2320 Iaco-

163 2358 231 2429 bus
257 2359 390 2448 petivit.
445 2357 566 2448 Quare
587 2383 670 2441 oro,
700 2372 740 2426 ut
762 2372 796 2426 et
818 2351 905 2423 mihi
923 2370 957 2424 et
980 2352 1046 2444 ipsi
1065 2354 1152 2422 scri-

164 2461 267 2534 batis.
317 2457 414 2528 Bene
432 2462 520 2530 vale.
562 2459 719 2530 Salutem
737 2473 820 2551 opto
837 2452 1024 2528 IlInuritio
1041 2470 1075 2524 et
1090 2481 1153 2524 vo-

165 2563 220 2631 bis
234 2563 401 2633 omuibus
416 2559 491 2636 Cal.
508 2557 669 2650 Augusti.

734 300 1165 410 nrrsronaauu
1214 292 1433 378 mnxu
1488 290 1620 378 ease.

1024 478 1158 566 stag.

1018 578 1154 609 M

2124 310 2202 386 tte

1208 470 1303 566 cipes
1318 467 1570 556 Pomeraniae,
1595 474 1780 550 nobiscum
1798 492 1860 556 est.
1896 474 1995 554 Bene
2008 485 2096 556 vale.
2129 480 2200 556 Die

1206 589 1304 650 sexto
1319 573 1484 666 Augusti.

1946 678 2146 779 Philippus.

1217 1042 1285 1119 No.
1302 1041 1417 1121 6046.

1213 1140 1426 1182 m
2030 1065 2064 1126 7.
2083 1057 2167 1144 Aug.

2016 1149 2188 1183 W*

1522 1243 1590 1331 Io.
1616 1246 1880 1336 Mottiesio.

1272 1416 1358 1490 spen.
1375 1417 1424 1473 us.
1436 1418 1468 1471 n.
1489 1437 1516 1492 p.
1527 1419 1572 1474 rs.
1591 1421 1648 1488 (aa.
1663 1421 1749 1477 tona.
1769 1421 1818 1477 ta.
1832 1423 1866 1479 u.
1883 1443 1924 1497 ep.
1940 1425 2008 1492 ssa.

1405 1570 1460 1643 D.
1485 1569 1700 1646 Iohanni
1724 1573 1998 1664 Matthesio

1204 1705 1252 1794 S.
1277 1715 1322 1792 D.
1373 1717 1583 1793 Reverende
1596 1720 1653 1791 vir
1673 1735 1707 1793 et
1722 1718 1926 1797 charissime
1945 1727 2070 1814 irater,
2098 1725 2193 1800 lnci-
2270 1744 2274 1753 ’

1204 1822 1257 1893 dit
1278 1833 1373 1892 aetas
1398 1838 1518 1892 nostra
1539 1822 1579 1891 in
1600 1822 1742 1892 fatalem
1764 1827 1925 1897 omnium
1947 1829 2131 1917 regionum
2153 1832 2190 1899 in

1203 1946 1330 2013 genere
1345 1918 1503 1992 humano
1518 1923 1763 1996 mutationem.
1804 1922 1889 1997 Ideo
1905 1928 2111 2002 ardentibus
2126 1958 2190 2001 vo·

1203 2025 1250 2094 tis
1270 2045 1454 2112 precemur
1466 2022 1598 2093 Filium
1614 2021 1700 2110 Dei,
1726 2037 1767 2094 ut
1786 2040 1900 2097 servet
1911 2025 2088 2102 Ecclesiae
2108 2033 2191 2103 reli-

1203 2125 1304 2218 quias
1327 2137 1361 2194 et
1380 2147 1446 2193 nos
1462 2124 1646 2215 gubernet.
1697 2125 1747 2197 Ut
1759 2123 1905 2201 Cometa
1925 2156 2044 2202 mense
2057 2131 2189 2204 Martio

1204 2224 1329 2317 rapido
1343 2239 1444 2296 motu
1458 2240 1579 2297 vectus
1595 2229 1705 2297 estad
1722 2227 2017 2319 Septentrionem,
2039 2246 2073 2304 et
2085 2236 2189 2304 dein·

1203 2328 1248 2396 de
1273 2329 1318 2396 sd
1341 2322 1491 2398 Ortumt
1530 2329 1578 2398 ita
1598 2329 1690 2398 bella
1713 2353 1810 2401 nunc
1833 2333 1989 2425 primum
2010 2336 2049 2405 in
2071 2336 2189 2407 littore

1203 2428 1455 2522 Hyperboreo,
1495 2430 1591 2523 quod
1623 2430 1824 2519 proximum
1850 2448 1901 2507 est
1931 2434 2057 2522 Arcto,
2096 2451 2189 2508 mota

1204 2544 1298 2601 sunt.
1346 2527 1553 2620 Episcopus
1567 2523 1794 2601 Guilielmus
1820 2533 1859 2603 in
1881 2529 2048 2608 hironio
2070 2553 2191 2630 captus

1204 2645 1273 2715 est,
1299 2643 1334 2700 et
1353 2633 1556 2701 adolescens
1575 2629 1658 2702 Dux
1673 2629 1963 2730 Megapolensis.
2012 2633 2190 2710 Prussia-

1205 2755 1268 2802 cus
1289 2745 1325 2802 et
1345 2727 1879 2830 Megolburgensis²Principes
1898 2740 2069 2831 colligunt
2093 2765 2192 2811 exer-

1149 2866 1154 2873 ·
1205 2835 1306 2907 citus.
1344 2829 1673 2905 VersusOrientem
1690 2862 1831 2932 quoque
1848 2840 1939 2912 bella
1956 2843 1993 2910 in
2011 2839 2189 2936 Ungurio

1205 2947 1403 3008 moventur.
1444 2934 1519 3006 lmo
1535 2953 1569 3006 et
1582 2951 1715 3027 patrem
1730 2937 1865 3031 Regem
1879 2940 2058 3014 Persicum
2074 2939 2190 3014 Tum-

1124 3063 1131 3078 ·
1205 3059 1288 3105 mas
1302 3051 1480 3107 mortuum
1498 3061 1571 3106 esse
1586 3041 1704 3123 aiunt,
1729 3043 1892 3112 etlilium
1910 3045 2041 3115 inferre
2057 3046 2191 3118 bellum

495 3191 550 3279 P.
575 3192 828 3278 Vincentio.

233 3371 254 3435 ἱ·
272 3368 308 3422 Er
322 3387 414 3441 apogr.
428 3369 456 3423 ln
468 3367 533 3425 eod.
548 3366 635 3420 Paris.
652 3369 685 3423 D.
699 3366 730 3423 t..
744 3367 806 3420 Μ’.

167 3520 308 3596 Petro
330 3523 602 3608 Vincentio,
626 3520 855 3616 gubernanti
867 3518 1061 3591 literarum
1078 3526 1156 3597 stu-

455 3621 523 3706 dia·
537 3624 582 3696 in‘
596 3622 683 3694 urbe
699 3617 863 3697 Lubeon.

168 3755 217 3851 S.
245 3770 289 3842 D.
338 3769 541 3843 Clarissime
557 3772 612 3841 vir
625 3785 660 3842 et
675 3772 793 3844 caries.
809 3771 929 3841 irater.
981 3768 1072 3841 Cum
1093 3771 1157 3837 ad-

167 3869 266 3946 venit
280 3869 350 3944 huc
365 3876 472 3945 frater
487 3868 753 3946 honestissimae
768 3872 927 3963 coniugis
943 3885 1036 3952 tuae,
1058 3870 1157 3940 ablui

167 3979 263 4072 apud
286 3972 507 4063 Ascanium,
538 3976 602 4048 uhi
627 3974 759 4067 scripta
784 3978 957 4067 quaedam
989 3973 1156 4066 pertenui.

156 4077 241 4151 sed
265 4101 346 4147 cum
372 4101 532 4150 reversus
558 4099 669 4148 essem
697 4071 795 4156 heri,
828 4089 864 4146 et
892 4075 1013 4146 literas
1038 4072 1157 4167 accepi

168 4194 264 4264 tuas,
304 4194 339 4250 et
370 4180 444 4249 vidi
470 4179 646 4273 specimen
672 4176 776 4260 artis,
816 4179 912 4272 quod
936 4190 1016 4269 tuus
1041 4175 1157 4247 affinis

169 4262 291 4351 Paulo
307 4276 529 4361 exhibuerat.
579 4280 692 4353 Nemo
707 4279 746 4351 in
763 4275 830 4369 hac
844 4279 933 4350 urbe
948 4278 1158 4348 familiarior

170 4392 222 4454 e'st
235 4375 363 4452 Lucae
378 4384 523 4475 pictori,
545 4373 741 4456 Milichie.
784 4380 890 4455 Nunc
904 4380 1042 4452 dicebat
1057 4372 1157 4450 Pou-

171 4483 245 4573 lus,
270 4509 388 4556 secum
406 4487 448 4556 ad
461 4476 613 4580 annm
629 4484 763 4554 iturum
779 4506 863 4555 esse.
909 4479 1007 4569 Quid
1024 4481 1179 4572 egerint

170 4583 277 4655 hodie
293 4585 445 4667 audiam.
497 4582 569 4656 Nec
583 4585 741 4655 studium
756 4583 862 4659 nobis
878 4583 989 4653 deerit
1008 4584 1048 4652 in
1063 4607 1160 4653 com-
1279 4598 1285 4607 '

170 4687 374 4758 mendando
390 4688 495 4757 affine
512 4700 573 4758 tuo
590 4687 644 4755 vel
660 4678 789 4754 Lucae
812 4682 868 4753 vel
882 4681 1023 4755 Noricis
1047 4685 1161 4779 picto·

172 4789 290 4869 ribus,
325 4787 388 4857 ubi
414 4789 585 4873 officinae,
604 4788 688 4859 sunt
716 4785 996 4891 treqttenttores.
1034 4785 1175 4859 Scribo.

172 4891 334 4974 brevius,
358 4889 441 4984 quia
462 4902 496 4981 te
521 4888 591 4959 iam
609 4902 764 4980 expecto.
779 4864 894 4985 {30⁸⁰
912 4902 1031 4983 autern
1048 4889 1161 4957 hlium

172 4988 241 5079 Dei
264 4993 442 5062 custodem
466 4986 644 5061 Ecclesiae
665 5012 765 5075 suae,
797 5002 838 5058 ut
855 5001 890 5059 te
910 4980 945 5057 e't
960 5012 1025 5066 uos
1041 5008 1163 5058 omnes

173 5086 357 5181 gubernet.
406 5090 511 5163 Nunc
530 5105 565 5162 et
586 5085 799 5174 Mnierius,
817 5084 894 5191 'qui
917 5080 1039 5160 duruit
1057 5087 1176 5177 Prin·¹
1235 5086 1241 5099 ⁴

1090 5264 1099 5282 ,
1214 5202 1264 5298 S.
1287 5209 1332 5284 D.
1367 5212 1576 5286 Reverende
1593 5215 1665 5298 vir,
1690 5222 1727 5284 et'
1741 5209 1947 5290 charissime
1964 5221 2081 5294 frater.
2113 5217 2206 5292 Cum

1175 5369 1182 5401 ,
1208 5340 1332 5408 nuper
1363 5317 1506 5389 brevius
1536 5317 1744 5398 scriberem,
1778 5344 1851 5429 φη
1877 5321 2017 5405 addidi,
2050 5344 2140 5416 quae
2163 5326 2208 5394 de

1087 5456 1094 5489 ι
1159 5438 1182 5505 ,r
1207 5417 1367 5497 caeteris
1396 5417 1546 5495 nntium
1574 5418 1782 5513 ligurisaut
1810 5422 2018 5503 nominibus
2047 5426 2211 5497 addenda

179 5266 394 5281 -.m-u-

210 5369 239 5436 l)
255 5365 541 5433 amurcarum,
559 5365 633 5438 quod
647 5363 777 5418 mendam
790 5359 897 5439 hebent*

210 5454 240 5520 2)
259 5452 375 5524 vldstps
388 5452 421 5506 “l
439 5449 559 5523 wollt.
568 5448 656 5506 plut
670 5445 754 5505 tiu„-
767 5448 819 5504 ω.
832 5445 927 5505 “ml
971 5466 978 5485 ¹
996 5482 1000 5491 ·

178 5529 357 5597 nectere.
376 5531 480 5594 Oeen.
498 5532 577 5593 Vos.
593 5525 675 5593 Vlll

1205 3133 1358 3232 Syriae,
1386 3151 1420 3207 et
1436 3139 1554 3209 dicere
1574 3139 1736 3211 inducias
1756 3166 1836 3211 cum
1859 3158 1958 3235 patre
1973 3147 2080 3216 factas
2099 3143 2192 3216 nihil

1206 3242 1249 3309 ad
1266 3240 1505 3329 sepertinere.
1545 3239 1618 3311 Nec
1633 3266 1715 3311 vero
1734 3244 1860 3314 dubito
1876 3238 2054 3316 Tetricae
2066 3262 2192 3338 poten-

1207 3341 1277 3410 tiae
1304 3341 1572 3411 inclinationem
1602 3343 1822 3432 impendere,
1852 3351 1911 3415 sed
1943 3351 2040 3438 prius
2062 3349 2193 3417 vicinia

1206 3443 1312 3512 etiam
1336 3442 1581 3535 quassabitur.
1630 3442 1819 3514 Precemur
1841 3447 1947 3535 igitur
1969 3448 2101 3520 Filium
2124 3447 2192 3519 Dei

1205 3553 1247 3612 ut
1260 3562 1326 3610 nos
1343 3555 1457 3611 servet
1479 3555 1513 3610 et
1528 3541 1719 3628 gubernet,
1751 3560 1784 3612 et
1801 3570 1873 3614 non
1890 3551 1978 3619 sinat
1997 3551 2108 3620 deleri
2123 3546 2193 3619 Et·

1205 3643 1326 3711 clesias
1348 3665 1427 3709 suas
1450 3642 1488 3708 in
1513 3636 1569 3711 his
1588 3644 1803 3733 regionibus.
1855 3646 1973 3719 Hodie
1995 3648 2080 3722 hinc
2097 3654 2193 3720 abie-

1206 3757 1291 3812 runt
1310 3735 1462 3827 Graeci,
1497 3743 1559 3834 qui
1588 3736 1720 3816 liabent
1745 3747 1946 3819 testimonia
1969 3748 2193 3824 Patriarchae

1206 3833 1637 3939 Constantinopolitnni,
1668 3871 1758 3939 quos
1778 3851 1940 3921 existimo
1963 3857 2006 3923 ad
2025 3878 2087 3924 vos
2105 3879 2194 3946 quo-

1205 3970 1274 4040 que
1292 3959 1459 4016 venturos
1476 3970 1559 4020 esse.
1611 3946 1710 4018 Bene
1724 3952 1811 4020 vale.
1863 3951 1930 4023 Die
1955 3955 1990 4024 7.
2007 3957 2169 4046 Augusti.

1395 4585 1398 4590 .
1499 4496 1576 4585 Ge.
1590 4498 1909 4627 Buohleolzero.

1279 4675 1376 4733 Manlii
1389 4677 1487 4751 iserag.
1502 4696 1530 4750 p.
1541 4678 1642 4752 Μαι.
1660 4708 1697 4725 -
1731 4678 1774 4737 (il.
1790 4700 1873 4754 supra
1886 4682 1913 4737 d.
1926 4684 1955 4738 6.
1971 4683 2020 4741 lul.
2037 4684 2110 4742 1556.

1419 4907 1422 4910 ,
1494 4797 1922 4929 nannetensium.

2040 4338 2095 4401 10,
2115 4327 2197 4410 Aug.

2028 4419 2198 4446 w

1170 4990 1174 5001 ·
1210 4960 1529 5052 Reverendooiro,
1548 4963 1601 5036 1).
1618 4944 1824 5062 Georgia
1839 4965 2202 5054 Buehltolteero,

1474 5067 1604 5166 fratri
1617 5091 1686 5137 suo
1701 5063 1933 5156 charissimo,
1974 5140 1979 5155 ,
2149 5085 2151 5089 ’

1689 5514 1739 5594 62
