4776 6024
15 5320 31 5353 S

189 231 263 305 tst
759 216 1200 298 EPISTOLARUM
1251 218 1358 300 ΗΒ.
1381 219 1466 299 XII.
1501 212 1655 300 11566.
2153 216 2235 290 ⁷92

193 405 334 480 doctos,
359 403 400 468 ac
417 396 547 466 virtute
566 391 803 464 eruditionem
826 407 1005 469 ornantes.
1057 392 1184 464 Talem
1233 390 1305 466 bat.
1369 391 1464 464 ltlud
1504 394 1633 480 miror,
1676 390 1866 485 suspiciose
1904 418 1967 464 vos
2000 393 2236 485 interpretari

194 527 275 576 cum
296 514 331 570 te
354 520 427 567 esse
450 497 577 582 sciam,
611 509 646 565 te
668 508 703 565 et
726 519 897 577 veneror,
932 510 968 568 et
988 497 1115 586 diligo,
1152 507 1187 564 et
1235 494 1332 588 quod
1356 519 1430 566 nou
1447 497 1541 570 veui.
1591 493 1740 585 Diligia
1764 518 1821 564 me
1845 489 2010 566 homines
2024 490 2236 565 Marchicos

196 600 349 695 optarim
362 622 419 668 me
440 621 542 691 posse
564 609 599 667 et
617 596 743 666 iudicii
758 597 828 666 mei
850 597 1002 668 illustria
1028 599 1187 669 testimo·
1235 594 1348 667 multa
1369 598 1469 688 signa
1485 611 1580 671 suut.
1630 594 1756 669 Habeo
1778 596 1869 667 filias
1883 592 2085 667 Marchicas
2100 592 2134 690 ³)
2157 597 2235 665 vir-

196 704 257 774 nia
270 701 475 786 ostendere,
497 712 534 770 et
547 698 663 790 reipsa
676 698 744 768 tibi
760 699 975 774 benefacere.
1026 697 1131 770 Nunc
1149 699 1188 766 in
1235 711 1310 768 tute
1333 709 1368 766 et
1387 701 1500 768 forma
1522 695 1696 770 divinitus
1719 712 1879 782 ornatas,
1911 722 2002 792 quae
2023 692 2118 766 mibi
2138 713 2234 768 certe

195 799 266 877 bac
294 803 459 873 fortunae
489 813 631 871 nostrae
664 796 853 885 tenuitate,
887 814 1005 870 tamen
1033 798 1189 869 amicitia
1236 812 1320 868 suut
1339 798 1549 874 carissimae.
1599 797 1728 872 Multis
1754 800 1878 869 officiis
1894 800 2000 868 etiam
2017 800 2233 869 coniunctus

199 904 342 978 virtutis
359 926 462 974 causa
479 902 627 973 colatur.
676 897 851 971 Proximis
869 902 938 972 tuis
959 902 1071 972 literis
1088 900 1189 970 valde
1237 923 1317 969 sum
1339 924 1418 971 cum
1439 902 1561 971 multis
1589 901 1849 994 praestantibus
1876 901 1963 970 viris
1991 901 2031 970 in
2052 896 2235 976 Marchia.

200 1008 394 1078 delectatus
409 1027 500 1077 sum.
550 1001 701 1072 Librum
717 1014 817 1072 tuum
842 998 926 1098 περὶ
949 997 1103 1075 δείπνου
1123 1026 1190 1075 κυ-
1237 997 1344 1071 Etsi
1374 1002 1510 1094 aliquid
1526 999 1555 1096 ⁴)
1585 1004 1755 1076 tribuitur
1769 1000 1797 1095 ὅ)
1826 1002 1913 1072 meis
1945 1003 2105 1094 scriptis,
2147 998 2236 1073 baec

201 1111 334 1206 ριακοῦ
350 1103 513 1176 existimo
529 1127 587 1172 me
602 1100 745 1201 Hosero
762 1103 961 1178 tradidisse.
1012 1104 1191 1175 Dimicant
1239 1102 1344 1172 etiam
1371 1106 1570 1173 ostendunt
1586 1128 1699 1175 meam
1715 1098 1746 1200 ⁰)
1778 1105 2014 1174 reverentiam
2036 1128 2120 1194 erga
2143 1103 2237 1176 Illu-

202 1210 246 1280 de
262 1231 303 1278 ea
324 1206 529 1301 quaestione
549 1207 639 1274 dure
654 1205 941 1276 bellicosissimae
964 1218 1084 1297 gentes
1098 1199 1192 1275 Hel·
1239 1203 1429 1275 strissimos
1449 1203 1633 1297 Principes
1650 1200 1897 1290 Marchiones,
1922 1220 2019 1277 ortos
2040 1230 2062 1275 a
2078 1208 2239 1277 nobilis-

204 1305 317 1382 velica
335 1321 371 1378 et
385 1299 642 1402 Saxonica*),
668 1317 703 1376 et
724 1307 893 1401 utrinque
908 1329 965 1375 res
983 1305 1192 1378 involvitur.
1240 1305 1330 1374 sima
1353 1300 1602 1399 Guelpborum
1624 1307 1744 1398 stirpe.
1794 1305 1985 1397 Propterea
2012 1310 2239 1400 suspiciones

204 1409 318 1503 Saepe
339 1423 479 1479 nostros
504 1402 663 1476 hortatus
690 1429 785 1492 sum,
816 1423 858 1478 ut
878 1408 1127 1502 colloquantur
1149 1407 1193 1476 de
1240 1406 1322 1475 illas
1342 1427 1423 1476 cum
1440 1407 1564 1477 dolore
1578 1408 1657 1497 legi.
1707 1405 1756 1478 Et
1777 1430 1840 1496 ego
1863 1403 1971 1479 homo
1995 1424 2138 1502 apertus
2156 1436 2240 1481 nou

204 1511 318 1581 forma
333 1523 427 1579 certa
442 1508 651 1586 verborum,
676 1530 747 1598 qua
760 1508 873 1576 nostri
889 1531 1013 1577 omnes
1030 1509 1194 1577 similiter
1240 1507 1398 1578 delector
1419 1504 1486 1577 hoe
1511 1531 1637 1599 genere
1661 1507 2010 1603 interpretationum,
2037 1535 2119 1582 cum
2143 1512 2190 1586 D.
2209 1509 2244 1606 ²)

206 1623 403 1682 uterentur.
455 1600 750 1689 Osr⁰undcrhane
773 1608 1051 1699 propositionem
1069 1611 1193 1678 defen·
1242 1606 1374 1681 Paulus
1389 1610 1502 1679 dicat:
1526 1609 1668 1681 dileetio
1684 1608 2079 1708 nonestsuspiciosa⁸).
2132 1613 2240 1684 Bene

208 1713 330 1783 debat:
357 1707 426 1780 lste
443 1707 551 1777 Panis
569 1721 620 1777 est
634 1705 743 1780 Deus.
792 1703 940 1779 Paulus
963 1710 1099 1801 inquit,
1123 1733 1194 1804 pa·
1242 1712 1365 1782 valete.
1418 1708 1549 1800 Magna
1567 1735 1647 1803 pars
1662 1708 1990 1803 Constantinopolis
2002 1728 2115 1784 terrae
2130 1731 2243 1787 motu

208 1809 269 1881 nis
285 1818 336 1880 est
349 1803 528 1882 κοινωνία
543 1801 735 1900 σώματος,-
762 1811 805 1877 de
827 1833 895 1879 usu
913 1810 1075 1903 loquens.
1123 1810 1193 1882 Sed
1244 1810 1386 1880 disiecta
1400 1805 1431 1900 ⁹)
1458 1826 1527 1896 est,
1571 1827 1605 1884 et
1638 1813 1744 1884 multi
1772 1807 1935 1884 homines
1962 1817 2115 1909 oppressi
2144 1832 2245 1890 sunt

207 1912 333 1984 omitto
349 1909 635 2002 disputationem.
685 1908 758 1979 Nec
772 1910 878 1979 velim
896 1922 931 1980 te
952 1911 1097 1982 illarum
1119 1912 1196 1980 bel·
1244 1912 1360 1981 ruinis
1377 1908 1429 2004 ¹⁰).
1480 1911 1577 1984 Deus
1592 1928 1753 2009 protegat
1766 1927 1801 1986 et
1815 1917 1988 2007 gubernet
2000 1940 2064 1986 nos
2075 1914 2127 2011 ¹¹).

206 2013 395 2085 licosarum
419 2009 577 2100 gentium
597 2008 738 2103 praeliis
753 2009 904 2105 misceri.
955 2008 1032 2102 Ego
1054 2036 1196 2108 quoque
1983 2030 2193 2131 Philippum

208 2127 352 2207 expecto
376 2112 537 2205 piorum,
568 2124 604 2181 et
633 2112 852 2182 eruditorum
884 2112 1123 2207 colloquium,
1155 2126 1196 2183 ut

207 2239 281 2386 unla
303 2214 429 2386 siupilils
447 2214 563 2384 llqrma
587 2213 682 2285 inter
707 2233 773 2285 nos
794 2212 1041 2289 constituatur.
1099 2211 1196 2286 Rene
1246 2243 1280 2312 (s,
1297 2241 1415 2311 pagena
1431 2242 1466 2296 aa
1484 2240 1564 2311 Toga
1581 2251 1609 2298 es
1627 2243 1818 2384 Paussqipqte
1834 2243 1965 2319 epistotae
1981 2246 2108 2320 taetra,
2125 2263 2161 2304 ex
2178 2248 2243 2307 eoa.

208 2341 252 2387 va
269 2340 300 2391 e.
376 2368 384 2387 .
422 2339 446 2385 u
463 2341 501 2388 u.
604 2353 608 2372 κ
1768 2355 1777 2373 ·

1347 2429 1576 2506 Consuetudo
1589 2435 1659 2509 fuit
1672 2433 1940 2527 Romanorum,
1965 2437 2195 2513 Graecorum
2207 2457 2242 2514 et

1183 2541 1189 2546 '
1246 2532 1489 2618 Ebraeorum,
1527 2537 1686 2628 singulos
1707 2539 1805 2610 viros
1826 2542 1880 2612 uti
1905 2543 2044 2615 duabus
2065 2546 2243 2619 vestibus.

221 2680 278 2752 No
306 2679 407 2754 6025
799 2613 800 2617 ¹
841 2617 843 2623 V
929 2685 1007 2766 (sm
1022 2688 1052 2750 d.
1074 2681 1200 2770 Mul.)
1249 2635 1403 2707 Interior
1416 2637 1669 2763 nominabatur
1682 2640 1792 2710 latine
1805 2641 1950 2726 lunico,
1976 2666 2101 2734 graece
2120 2659 2156 2718 et
2176 2642 2241 2716 he.

213 2734 426 2819 ὼ
941 2781 1194 2820 ...ψ-η.
1249 2740 1367 2809 braice
1385 2764 1515 2832 χιτων,
1541 2765 1667 2835 exque
1683 2766 1768 2812 voce
1784 2757 1836 2814 est
1851 2742 2242 2839 tunicapermetathe-

474 2862 553 2954 Ge·
584 2865 910 2954 Buchhogzero·
1248 2842 1304 2911 siu
1321 2843 1516 2914 literarum.
1565 2839 1614 2913 Et
1624 2842 1734 2933 figura
1747 2844 1816 2916 luit
1831 2847 1930 2929 talis,
1957 2848 2074 2942 qualis
2093 2850 2241 2941 conspi-

367 3026 375 3043 ,
790 3027 797 3041 ,
1085 3028 1093 3045 ·
1249 2938 1341 3012 citur
1353 2941 1490 3014 Romae
1503 2943 1542 3011 in
1556 2945 1732 3015 veteribus
1747 2946 1883 3033 statuis,
1904 2972 1980 3020 non
1991 2951 2148 3021 multum
2164 2951 2241 3020 dis-

278 3023 463 3151 ”iiiia
477 3043 541 3151 tall
553 3027 663 3150 iiiii·
676 3055 729 3150 u'o.
742 3027 1198 3166 rif¹itiia3i¹i⁸bllie¹⁰cilil
1248 3045 1382 3113 similes
1400 3044 1482 3113 ”¹³⁰
1497 3044 1645 3132 figurae,
1669 3070 1776 3164 quam
1791 3072 1856 3120 ¹¹⁰⁸
1878 3054 2106 3121 ¹¹⁰¹¹¹l¹¹2m⁰⁸
2120 3045 2243 3173 Ῑιεξό-

313 3163 413 3230 aorfio.
448 3164 554 3236 Apage.
571 3163 601 3216 iu
622 3163 783 3218 wattun.
801 3162 959 3221 [λων.
1001 3166 1198 3237 Aurognpton
1250 3136 1349 3230 roal,
1369 3147 1429 3214 sed
1454 3159 1571 3215 tamen
1589 3148 1738 3217 demessa
1759 3150 1804 3218 ad
1824 3173 1955 3239 genua,
1981 3153 2037 3222 vel
2054 3155 2162 3244 paulo
2180 3178 2243 3223 m.

312 3229 489 3313 inscriptione
503 3239 595 3300 csret,
613 3250 725 3302 eamque
739 3230 866 3314 dedimus⁸
876 3231 922 3286 hir
933 3231 1083 3315 cubiculis
1096 3244 1122 3287 et
1135 3233 1198 3316 cod.
1248 3248 1313 3320 fra·
1363 3242 1530 3315 Experior
1558 3247 1663 3318 vespis
1691 3246 1855 3321 Romana
1885 3266 1962 3324 em
1991 3259 2096 3347 paga,
2129 3255 2241 3328 mim

312 3297 397 3354 Pseu.
412 3332 449 3345 -
484 3298 624 3422 Psqellsm
639 3301 672 3353 dc
686 3311 748 3371 toga
760 3312 788 3356 et
802 3298 903 3382 pallio,
927 3300 991 3356 burc
1007 3301 1136 3372 epistolae
1150 3321 1197 3356 rn-

313 3367 387 3423 etna·
400 3386 452 3423 nee
467 3367 532 3422 u...
544 3386 587 3423 ms
598 3367 687 3435 mer,
706 3386 759 3424 nee
773 3378 812 3423 ..ι
825 3386 854 3421 m
867 3370 1043 3439 autographo.
1075 3369 1198 3427 sama
1249 3348 1358 3438 ligura
1371 3345 1553 3418 dissimilis
1570 3362 1621 3419 est
1636 3350 1743 3440 pallio
1765 3365 1799 3422 et
1822 3356 1954 3426 nostris
1966 3356 2117 3425 vestibus
2133 3367 2242 3426 exte·

312 3453 371 3490 am
390 3434 553 3492 ⁶⁰⁶·P⁸'³⁸·
571 3455 672 3566 ’.Ἕω
692 3435 825 3493 ¹¹¹²¹¹¹¹³³⁰
838 3438 999 3495 addidimus.
1035 3438 1098 3498 Vl&
1117 3441 1196 3496 “³21⁰
1246 3450 1413 3523 rioribus.
1462 3444 1529 3520 Est
1546 3463 1663 3521 autem
1686 3452 1795 3542 figura
1821 3455 1918 3539 talis,
1944 3456 2055 3550 qualis
2077 3457 2118 3524 iu
2133 3469 2241 3529 vete-

312 3473 569 3574 ..incesset
630 3507 691 3562 .1u
703 3507 777 3579 Aug.
790 3506 816 3563 s.
829 3523 855 3560 a.

1247 3553 1347 3620 ribus
1381 3550 1505 3622 statuis
1530 3548 1667 3623 Romae
1700 3554 1868 3626 cernitur.
1915 3555 2020 3628 Nodo
2044 3557 2170 3629 iuncta
2197 3558 2241 3630 iu

233 3653 446 3731 Reverendo
473 3658 552 3732 viro
576 3653 781 3758 Georgia
805 3657 1172 3753 Buchholtzero,
1248 3648 1396 3723 humeffl
1423 3651 1585 3739 finitimi
1623 3666 1659 3725 θῑ
1684 3651 1724 3724 ἷῐῑ
1748 3655 1860 3729 litim
1883 3656 2028 3731 Sinitlw
2044 3653 2089 3756 ¹²)
2115 3674 2240 3755 aperta

231 3761 444 3860 praeposito
473 3757 705 3882 Berlinensi,
741 3764 861 3836 amico
892 3774 926 3837 ct
948 3761 1077 3867 fratri
1102 3791 1172 3839 suo
1252 3822 1482 3839 ..........

609 3864 804 3941 ‘ammi‘
1280 3927 1308 3998 8)
1325 3925 1436 3994 Sebini,
1458 3925 1741 4000 brandenburgensis,
1766 3931 1850 4003 litias,
1875 3951 1942 4008 quas
1963 3952 2059 3993 urum
2077 3935 2197 3996 babebat
2212 3947 2237 3996 st

208 3996 258 4086 S·
283 4009 332 4084 D.
383 4008 594 4085 Reverende
613 4009 669 4083 vir
689 4026 725 4085 et
747 3983 926 4085 carissime
947 4017 1066 4088 frater.
1116 4012 1195 4089 Oro
1279 3995 1643 4152 ”ffissgbg‘ffl’ssm

205 4113 321 4185 filium
336 4111 424 4199 Dei,
449 4128 490 4187 ut
511 4115 646 4186 tribuat
667 4117 820 4188 faustum
836 4129 871 4188 et
888 4118 973 4188 felix
989 4119 1193 4211 coniugium
1279 4166 1307 4235 5)
1325 4165 1411 4221 Mant.
1430 4166 1559 4221 „pum

206 4214 356 4305 pudicae
379 4216 471 4286 filiae
494 4229 628 4289 vestrae
645 4212 672 4314 ¹)
696 4231 729 4288 et
753 4241 894 4308 genero.
946 4219 1131 4291 Venissem
1149 4225 1193 4292 ad
1277 4252 1306 4320 6)
1327 4250 1436 4319 meam]
1455 4249 1542 4306 Mart.
1558 4267 1616 4306 aon
1634 4249 1724 4314 tabet.

206 4336 344 4385 sacrum
358 4317 526 4407 nuptiale,
542 4320 572 4388 si
588 4343 630 4389 eo
645 4332 803 4412 tempore
818 4320 961 4390 fuissem
977 4323 1088 4394 domi.
1123 4323 1193 4396 Sed
1278 4336 1306 4403 7)
1326 4334 1380 4399 lt]
1397 4333 1487 4390 Mart.
1505 4330 1539 4389 S.

205 4416 384 4511 profectus
415 4441 509 4487 eram
543 4423 728 4514 aliquanto
762 4437 844 4493 aute
877 4425 921 4492 ad
954 4439 1192 4514 aegrotantem
1276 4420 1306 4487 8)
1323 4418 1464 4477 Manlau
1483 4423 1628 4488 ’usum

204 4510 454 4589 Malthcsium
471 4519 510 4588 iu
526 4522 653 4592 vallem
673 4518 921 4594 loachimicam
935 4518 978 4618 ²).
1030 4524 1097 4598 llla
1118 4530 1192 4596 sola
1277 4505 1653 4645 ⁹l¹e⁶gffjffl⁰l223r⁰u22³·
1667 4507 1732 4581 still
1744 4512 1901 4586 ‘'mm“’t
1926 4523 1993 4590 P¹¹¹⁰
2005 4535 2037 4572 ‘¹
2049 4532 2168 4591 “²⁰⁸2
2180 4518 2235 4574 ’ὦ

205 4643 307 4691 calm
323 4620 531 4715 impedivit»
555 4647 625 4716 (1¹1⁰
641 4623 760 4694 minus
776 4628 819 4696 ad
839 4649 902 4695 V⁰³
917 4628 1085 4703 venerim.
1121 4628 1192 4700 Sed
1278 4661 1321 4728 to)
1340 4657 1370 4711 ln
1384 4657 1482 4713 scbeds
1496 4659 1770 4735 academicslpublicc
1783 4663 1860 4719 sllirs
1876 4665 1919 4790 qipa
1934 4666 2048 4740 Scriptis
2061 4672 2140 4742 publ.
2153 4671 2237 4741 tlt.)

203 4720 301 4792 dono
316 4726 471 4796 testabor
485 4747 601 4794 meam
618 4724 918 4807 benevolentiam,
940 4753 1021 4798 curn
1035 4730 1191 4821 primum
1310 4729 1339 4783 ἃ·
1360 4731 1403 4782 ¹²·
1423 4728 1474 4783 ¹⁸¹¹·
1496 4731 1572 4809 ¹⁵5⁶·
1592 4728 1718 4816 'estet‘
1742 4732 1822 4791 Μ
1856 4771 1876 4805 2,
1909 4756 2030 4823 uper,-
2049 4749 2141 4823 teme
2159 4750 2235 4823 ηοξι

1311 4814 1408 4866 magus
1425 4815 1488 4879 pars
1509 4795 1622 4853 braum
1643 4802 1755 4857 duisels
1774 4812 1831 4875 est,
1856 4807 1981 4861 etmulti
1999 4806 2129 4865 bonrues
2146 4828 2235 4864 mrum

202 4814 318 4893 babeo
341 4829 512 4898 nuncium
541 4822 633 4896 mihi
658 4838 796 4900 notum.
853 4827 962 4901 Mitto
984 4831 1028 4899 de
1056 4843 1136 4920 toga
1159 4844 1193 4901 et
1310 4883 1434 4936 oppressi
1452 4863 1544 4921 „ng”

199 4923 312 5016 pallio
327 4948 416 5018 quae
436 4929 556 5002 subito
576 4928 723 5022 scripsi,
749 4954 831 5000 nam
854 4930 1007 5003 nuncius
1023 4954 1189 5026 propera·
1276 4950 1322 5014 tt)
1341 4950 1373 5003 tn
1392 4947 1560 5071 aueopaptq
1576 4950 1668 5035 addin
1687 4961 1768 5022 sunt,
1794 4954 1841 5040 seq
1854 4956 1933 5013 unet·
1952 4957 2075 5023 neten.-
2105 4963 2148 5018 tt.
2167 4961 2243 5019 tusc

1308 5036 1386 5072 anuo
1406 5016 1486 5105 '1¹55.
1528 5017 1577 5074 Sec
1595 5030 1677 5075 etum
1697 5023 1759 5078 cod.
1781 5021 1864 5078 l'sm.
1900 5026 1954 5082 Sed
1976 5027 2115 5111 Manius:
2138 5032 2242 5117 Datus

202 5093 422 5114 .-----
1309 5087 1596 5145 4.Irduanu01556.
1620 5117 1655 5132 ι·
1689 5089 1760 5146 Puto
1775 5090 1983 5150 Melsutbouem
1997 5096 2069 5151 dsem
2084 5103 2242 5158 uouadds·

233 5199 265 5268 *q
286 5198 419 5256 &mm
436 5206 462 5254 e,
478 5194 653 5273 mem
1310 5153 1396 5221 disse,
1423 5157 1469 5210 sed
1482 5156 1700 5214 Bucbholserum
1714 5162 1889 5232 adscripsisse
1903 5163 1976 5220 diem
1989 5175 2016 5220 et
2029 5186 2155 5238 anuum,
2181 5189 2241 5244 quo

219 5278 223 5287 ¹
332 5286 339 5301 ⁸
1308 5224 1454 5306 epistolem
1471 5227 1584 5300 aceepit.
1624 5225 1656 5280 ln
1671 5226 1777 5284 Manlio
1790 5232 1816 5287 4.
1835 5250 1886 5305 pro
1901 5231 1946 5290 tt.
1966 5253 1995 5288 er
2017 5237 2123 5292 ruendo
2143 5239 2242 5297 deberi

232 5290 260 5358 1)
280 5285 413 5342 lodrtbae·
1205 5351 1208 5356 ,
1311 5294 1429 5349 videtur.

137 5386 143 5396 ·
229 5370 263 5442 ἱ)
283 5368 315 5424 tt
330 5369 383 5426 iter
394 5366 461 5424 lecit
473 5365 565 5424 medic
579 5367 659 5424 lunis
675 5371 752 5430 1556.
1275 5379 1326 5454 η)
1343 5379 1457 5435 ,qums
