4776 6024
167 322 244 398 eoo
740 313 1175 394 nrtsronanuu
1227 319 1331 397 n1e.
1359 317 1443 393 xu.
1495 317 1626 396 1⁶55.
1704 406 1713 424 ,
2141 308 2221 396 ’σου

171 507 296 561 omncs
309 496 423 554 servet
438 494 473 553 et
489 483 661 574 gubernet
669 481 686 508 '¹
696 477 747 578 *).
800 483 883 575 Quo
899 485 975 570 die,
1000 482 1168 553 videlicet
1218 508 1298 554 rum
1315 496 1351 554 et
1367 485 1411 551 de
1425 483 1600 554 moribus:
1625 483 1752 553 ordine
1768 483 1873 552 etiam
1893 484 2056 555 omnium
2080 500 2219 577 tempo-

171 585 321 671 5.lunii,
346 598 428 654 ante
446 609 558 655 annos
579 586 678 656 1952
694 587 732 656 in
748 611 863 678 pugna
879 587 1064 658 Leuctrica
1078 584 1171 653 lilia-
1219 610 1300 656 rum
1331 580 1515 654 historiam
1546 599 1664 655 mente
1700 584 1904 675 complexus
1936 600 1999 656 est.
2050 586 2122 656 Nec
2150 589 2221 658 alia

171 686 255 763 rum
270 685 414 758 Scedasi
428 700 548 780 stupra
563 702 598 759 et
613 712 735 759 necem
752 688 848 761 Deus
862 688 1017 780 punivit,
1045 687 1170 757 eodem
1221 688 1431 768 consuluit,
1466 709 1529 756 cur
1548 687 1841 757 Francolurdiam
1865 691 1907 755 ad
1927 685 2086 756 Oderam
2112 688 2219 758 sitam

170 789 233 864 die
254 789 377 859 literas
399 802 484 860 tuas⁴
497 791 614 882 accepi
637 793 681 860 de
698 791 845 874 scelere,
870 789 966 882 quod
990 787 1044 855 illi
1058 786 1172 858 Laco-
1222 788 1423 872 accesserit,
1450 789 1522 856 nisi
1545 785 1650 868 baec,
1684 789 1799 881 quod,
1831 813 1913 858 cum
1936 790 2005 859 viri
2020 787 2219 859 Clarissimi

176 890 259 964 nico
281 891 397 960 simile
421 915 494 961 esse
511 893 719 982 accepimus.
771 887 1031 962 Cohorruimus
1052 889 1172 975 legen·
1222 885 1360 959 Sabini
1374 890 1570 959 orationem
1584 891 1735 959 maxime
1750 891 1935 979 probaret,
1961 892 2219 962 consuetudine

179 1008 249 1078 tet,
274 1005 310 1061 et
323 1004 468 1084 propter
489 994 659 1063 scelerum
680 993 900 1065 atrocitatem
919 1005 953 1061 et
976 989 1172 1059 defuturis
1225 1004 1257 1060 et
1281 991 1416 1060 iudicio
1438 992 1514 1061 eius
1536 992 1590 1062 uti
1613 992 1729 1060 voluit
1742 986 1789 1086 ¹),
1814 1016 1921 1085 quam
1939 994 2074 1062 adrem
2097 988 2221 1063 horta-

179 1093 308 1188 poenis
332 1093 538 1183 cogitantes.
597 1092 916 1186 Sequenturenim
944 1088 1175 1162 hauddubie
1216 1106 1338 1161 torem
1361 1086 1488 1163 babuit
1504 1092 1621 1161 virum
1636 1094 1780 1162 doctum
1800 1106 1833 1162 et
1856 1095 2067 1184 prudentem
2080 1091 2221 1164 Heari-

181 1218 245 1266 seu
268 1193 440 1265 Tuccicae
463 1196 676 1265 vastationes
697 1218 758 1264 seu
780 1195 884 1265 aliae.
944 1192 1015 1264 Sed
1040 1191 1175 1261 Filium
1226 1215 1306 1262 cum
1323 1186 1590 1263 Paxmannum
1605 1187 1649 1287 ²).
1702 1190 1743 1262 ld
1759 1216 1839 1263 cum
1858 1207 1958 1284 pater
1977 1196 2221 1283 intellexisset,

181 1293 250 1368 Dei
268 1318 468 1387 precemur,
493 1309 534 1365 nt
548 1320 613 1365 nos
630 1297 835 1366 invocantes
855 1297 972 1386 ipsum
991 1295 1177 1384 gubernet,
1226 1294 1411 1365 voluntate
1424 1293 1835 1386 patrisFrancosurdiam
1851 1297 2026 1382 migravit,
2048 1322 2087 1367 ac
2102 1300 2220 1368 devo-

184 1411 220 1468 et
242 1410 283 1466 ut
298 1420 430 1487 poenas
452 1397 578 1476 leniat,
603 1411 637 1466 et
661 1411 776 1467 servet
799 1392 976 1466 Ecclesiae
999 1395 1178 1487 reliquias,
1227 1397 1364 1466 luntate
1379 1396 1489 1489 patris
1502 1397 1656 1465 literasa
1672 1388 1851 1492 Philippo
1864 1392 2111 1468 Melanthum
2126 1412 2220 1470 attu-

187 1511 223 1570 et
246 1496 286 1565 in
313 1521 354 1566 ea
384 1493 549 1566 honestas
575 1512 609 1568 et
644 1498 718 1588 pias
743 1499 906 1570 familias.
964 1495 1022 1568 Ac
1047 1498 1179 1566 talibus
1228 1499 1288 1582 lit,
1314 1521 1379 1565 nec
1397 1499 1465 1567 alia
1489 1522 1530 1566 ex
1546 1492 1575 1593 ³)
1595 1499 1670 1568 ulla
1692 1497 1851 1569 discessit
1873 1522 1987 1574 causa.
2039 1500 2099 1571 Sic
2123 1501 2220 1570 enim

187 1597 355 1689 exemplis
379 1599 646 1668 commonefacti
671 1621 794 1668 omnes
816 1598 928 1670 simus
955 1599 994 1666 in
1015 1598 1179 1687 regendis
1230 1599 1318 1668 abiit
1341 1592 1549 1680 Eivaldas,
1583 1615 1622 1670 ut
1641 1622 1763 1669 omnes
1791 1599 1830 1669 in
1855 1598 2043 1670 Academia
2071 1603 2221 1671 lectores

185 1700 349 1769 moribus
372 1699 635 1786 diligentiores,
666 1713 700 1770 et
722 1701 761 1768 in
785 1699 1011 1771 invocatione
1032 1696 1099 1768 Dei
1122 1724 1181 1768 ar·
1229 1701 1412 1788 ingenium
1428 1714 1592 1770 etmores
1606 1703 1777 1792 probent,
1803 1713 1838 1770 et
1859 1715 2017 1792 sperent,
2043 1727 2122 1771 eurn
2141 1724 2220 1771 ma-

187 1799 376 1872 dentiores.
428 1796 526 1868 Bene
542 1801 631 1873 vale.
1231 1824 1300 1891 gno
1314 1802 1395 1871 usui
1411 1816 1445 1872 et
1460 1818 1670 1872 ornamento
1692 1802 1908 1892 reipublicae
1923 1803 2009 1876 sore.
2061 1798 2220 1872 Oramus

929 1894 1131 1992 Philippus.
1231 1904 1336 1972 etiam
1353 1903 1464 1973 filium
1483 1902 1562 1988 Dei,
1589 1904 1651 1997 qui
1666 1926 1749 1972 vere
1762 1905 1859 1974 sedet
1872 1906 1915 1974 ad
1934 1906 2089 1973 dextram
2104 1917 2218 1973 aeter-

1231 2005 1271 2071 ni
1294 2005 1403 2095 patris
1425 2006 1513 2074 dans
1534 2007 1628 2075 dona
1652 2002 1875 2090 bominibus,
1902 2006 1938 2075 id
1955 2019 2025 2086 est,
2050 2006 2221 2094 salutares

1232 2107 1501 2195 gubernatores,
1537 2120 1578 2176 ut
1591 2102 1688 2176 bunc
1703 2100 1912 2174 Etvaldam
1939 2107 2067 2177 efficiat
2091 2109 2222 2186 σκεῦος

191 2228 260 2305 ΝΟ,
279 2227 392 2303 5803,
1067 2246 1099 2307 6,
1113 2235 1180 2301 lun.
1232 2202 1353 2287 ἐλέους
1366 2221 1400 2279 et
1414 2230 1573 2297 organon
1593 2209 1747 2278 salutare
1767 2229 1849 2276 suae
1871 2209 2011 2277 animae
2032 2222 2066 2278 et
2080 2205 2219 2298 Reipu-

192 2327 398 2360 m
1072 2330 1174 2362 *w
1231 2309 1356 2381 blicae.
1406 2308 1485 2379 Hoc
1509 2310 1751 2381 testimonium
1766 2304 1937 2379 Ewatdo
1954 2309 2130 2378 bonafide
2153 2309 2219 2378 tri-

417 2414 601 2501 Teptim
630 2414 688 2499 de
716 2414 957 2503 Bluchpw,
1231 2410 1393 2495 buimus,
1418 2425 1458 2482 ut
1480 2435 1561 2497 eum
1583 2412 1662 2480 aliis
1677 2405 1880 2480 Academiis
1902 2424 2102 2481 reverenter
2124 2433 2220 2480 com-

1231 2513 1456 2597 mendemus,
1488 2513 1571 2606 quia
1595 2512 1825 2583 iustissimum
1846 2527 1916 2597 est,
1949 2512 2044 2582 bona
2068 2511 2222 2602 ingenia,

1232 2614 1434 2703 praesertim
1451 2617 1580 2707 quibus
1597 2615 1731 2685 aditum
1748 2616 1794 2683 ad
1816 2614 2070 2706 rempublicam
2087 2612 2221 2683 nobili-

316 2742 503 2822 Omnihus
519 2744 666 2818 lecturis
681 2741 755 2818 has
771 2747 901 2820 ligem,
916 2749 970 2847 (S.
985 2747 1063 2847 D.)·
1232 2727 1284 2784 tas
1304 2717 1483 2803 patefecit,
1509 2717 1734 2799 confirmare,
1758 2730 1799 2786 ut
1813 2718 1858 2808 ad
1881 2715 2020 2806 generis
2034 2717 2142 2784 decus
2156 2715 2221 2783 ad-

1232 2817 1318 2885 dant
1331 2816 1512 2886 doctrinae
1526 2817 1782 2907 cognitionem,
1808 2840 1897 2910 quae
1913 2818 1951 2886 in
1968 2816 2109 2886 iudiciis
2122 2839 2221 2885 sum·

187 2887 333 2972 Vtrum
355 2913 407 2970 0⁵2
431 2898 599 2984 ⁰¹1¹¹¹l¹¹02
623 2899 721 2991 quod
746 2912 780 2970 θῑ
801 2898 902 2971 Pl³l⁰
925 2912 959 2970 0²
976 2896 1180 2992 Xe¹¹⁰l)h⁰11
1231 2940 1370 2986 marum
1386 2941 1506 2987 rerum
1522 2919 1701 2988 communi
1719 2918 1812 2987 vitae
1823 2919 2018 2988 necessaria
2034 2931 2096 2992 est.
2119 2914 2219 2986 Bene

96 3099 99 3102 Α
189 3002 1178 3093 dixerunt,1101¹b0V²⁸³b⁰b11⁸s⁰q⁰⁰⁵³btquisssed
1230 3019 1307 3087 vale
1340 3020 1488 3088 candide
1515 3020 1636 3091 lector.
1686 3017 1832 3090 Calend.
1867 3018 1951 3091 lulii
1974 3044 2078 3089 *anno
2108 3014 2220 3092 1555.

80 3150 86 3169 .
188 3102 473 3194 apraestantiori
489 3115 625 3182 natura,
649 3102 813 3172 videlicet
827 3103 872 3172 ab
883 3097 1089 3173 bominibus
1103 3106 1178 3194 regi
1230 3140 1250 3187 a
1273 3130 1357 3188 nato
1377 3114 1520 3190 Christo
1541 3146 1582 3190 ex
1604 3121 1751 3211 virgine,
1804 3119 1912 3192 Anno
1935 3146 1953 3190 a
1977 3118 2018 3194 C,
2034 3119 2087 3193 Μ,
2104 3114 2220 3192 5517.

169 3217 366 3297 ’θΡθῐῗθΓθῑ
401 3205 451 3274 ⁸3⁰
473 3198 636 3272 h⁰¹¹¹l¹¹⁸⁸
656 3216 742 3273 [⁰¹¹⁰
768 3203 919 3273 feliciter
940 3205 1034 3292 ‘⁰852
1060 3229 1176 3274 cuma
1229 3220 1287 3288 die
1303 3233 1399 3290 sexto
1415 3219 1511 3291 lunii
1520 3217 1569 3316 ⁴),
1595 3248 1666 3318 quo
1681 3237 1763 3293 ante
1780 3246 1893 3293 annos
1909 3221 2005 3294 1892
2014 3218 2218 3292 Alexander

186 3305 434 3398 praestantiori
458 3319 584 3375 natura
610 3317 799 3393 reguntur,
836 3305 1001 3375 videlicet
1024 3300 1177 3380 heroica.
1228 3321 1378 3393 Macedo
1394 3336 1498 3394 natus
1510 3338 1572 3399 051.

185 3406 273 3479 ldeo
289 3408 385 3477 Deus
400 3409 548 3497 gradum
564 3406 741 3475 nobilium
756 3430 776 3476 a
794 3407 928 3499 populo
944 3408 1117 3493 distinxit,
1143 3421 1177 3478 et

187 3507 322 3578 indidit
338 3532 460 3578 eorum
476 3507 627 3596 ingeniis
642 3502 801 3578 heroicos
816 3508 968 3600 impetus
993 3512 1039 3579 ad
1062 3511 1175 3580 virtu·
1230 3549 2218 3573 mmm-”-

186 3623 277 3690 tem,
308 3633 396 3702 quos
418 3610 495 3680 vult
517 3609 677 3679 doctrina
706 3610 897 3699 gubernari
919 3624 953 3680 et
975 3611 1175 3681 confirmari
1419 3658 1423 3663 -

184 3706 333 3781 honesta
353 3712 624 3781 adsuefactione.
675 3710 747 3799 Qui
774 3710 883 3799 igitur
903 3712 940 3779 in
965 3707 1032 3787 boc
1050 3714 1175 3782 ordine
1228 3672 1259 3789 ,N
1261 3673 1432 3800 ⁰258,⁰4·
1935 3754 1938 3761 ,
2088 3672 2217 3792 Q}

185 3814 301 3884 studia
318 3813 500 3881 doctrinae
513 3824 548 3881 ct
562 3810 704 3881 virtutis
718 3812 858 3894 colunt,
883 3812 982 3902 digni
1002 3827 1085 3884 sunt
1102 3816 1176 3884 cxi·
1223 3847 1226 3854 ’
1757 3877 1766 3896 ,

187 3915 259 3983 mio
275 3909 422 3983 bonore.
449 3910 541 3982 Cum
555 3925 673 3980 autem
688 3912 726 3980 in
743 3908 808 3982 bac
818 3910 1006 3982 Academia
1023 3916 1175 4004 amplius
1427 3873 1792 3977 (mmmcmlii)
1820 3874 2018 3974 Peme)

197 2103 499 2117 -——-——-—-·——-·

255 2597 276 2661 †
293 2592 332 2648 Ex
346 2608 440 2665 apogr.
453 2589 484 2645 in
500 2589 564 2647 cod.
578 2586 667 2644 Paris.
680 2589 716 2645 D.
732 2587 764 2646 L.
778 2589 812 2644 54
821 2595 844 2645 ³.

188 4015 425 4110 quadriennio
447 4014 574 4083 vixerit
592 4008 785 4083 Ewaidas
801 4007 983 4098 Blacher,
1009 4029 1113 4086 natus
1134 4017 1171 4085 in
1327 4048 1424 4104 Manlii
1443 4049 1539 4121 tarrag.
1571 4067 1597 4120 p.
1613 4049 1665 4103 459
1682 4067 1725 4120 ,ᾧ
1772 4049 1842 4102 trem
1862 4046 1890 4099 3„
1909 4045 2010 4118 script.
2034 4047 2111 4118 publ.
2131 4050 2216 4105 md,

185 4116 319 4185 familia
339 4116 453 4185 nobili
466 4116 580 4205 gentis
595 4114 831 4196 Pomeranae,
854 4117 1090 4206 comperimus
1107 4141 1173 4188 na·
1364 4118 1477 4174 Wiseb.
1496 4119 1530 4172 Τ·
1544 4118 1577 4172 ¹¹·
1597 4136 1623 4191 P·
1637 4118 1695 4172 ²³⁵·
2057 4156 2061 4165 ¹

186 4230 304 4288 turam
328 4217 402 4285 eius
420 4217 601 4286 doctrinae
616 4242 776 4309 capacem
793 4240 884 4301 esse,
908 4231 941 4287 et
965 4242 1078 4288 mores
1102 4243 1175 4289 esse

184 4313 365 4388 honestos.
417 4315 578 4410 Cumque
591 4320 781 4388 domestica
805 4319 993 4410 disciplina
1008 4322 1053 4388 ad
1074 4323 1173 4410 agni-

185 4419 319 4492 tionem
337 4433 370 4489 et
386 4419 646 4490 invocationem
662 4421 736 4489 reri
752 4417 820 4489 Dei
840 4422 1053 4491 assuefactus
1076 4439 1175 4508 esset,

1227 4268 1414 4348 Omnibus
1433 4273 1579 4346 lectoris
1594 4269 1666 4345 has
1683 4271 1822 4357 literas,
1846 4267 2001 4358 Rector,
2026 4267 2218 4367 Magistri

1289 4387 1322 4449 at
1338 4375 1517 4448 Doctores
1532 4374 1753 4447 Academiae
1773 4374 1816 4448 V
1812 4373 2047 4468 itabergeasis
2063 4375 2098 4446 S.
2113 4374 2157 4449 D.

186 4522 341 4591 studiose
364 4519 489 4589 didicit
512 4521 683 4609 integram
699 4523 897 4592 doctrinam
918 4525 962 4592 de
976 4521 1053 4593 Deo
1077 4537 1111 4595 et
1131 4527 1174 4594 de
1227 4517 1402 4620 Quisquis
1416 4540 1468 4596 est
1484 4520 1542 4596 bic
1556 4525 1773 4618 peregrinus,
1788 4524 1848 4616 qui
1864 4545 1901 4592 se
1914 4521 1964 4591 ait
1973 4519 2114 4590 Persam
2130 4542 2216 4604 esse,

185 4623 364 4697 beneficiis
390 4622 528 4691 domini
551 4624 663 4692 nostri
684 4621 785 4704 I.C.‚
819 4639 854 4695 et
876 4626 986 4694 animi
1012 4625 1173 4716 pietatem
1226 4648 1258 4700 et
1274 4631 1416 4722 quidem
1435 4620 1547 4697 lilium
1572 4628 1664 4717 regis
1680 4625 1881 4695 Persarum:
1913 4635 2032 4693 tamen
2054 4646 2215 4711 cumpe-

185 4749 266 4793 vera
283 4725 508 4794 invocatione
522 4723 587 4795 Dei
607 4725 645 4792 in
661 4725 787 4795 fiducia
805 4726 1009 4795 mediatoris
1028 4722 1172 4794 honesta
1226 4730 1387 4821 regrinus
1411 4730 1456 4800 sit
1476 4743 1511 4798 ct
1532 4752 1696 4808 mancus,
1730 4727 1840 4794 simus
1860 4747 2032 4792 memores
2055 4720 2212 4789 mandati

184 4849 324 4895 morum
356 4827 614 4914 gubernatione
639 4827 803 4899 declarat·
861 4822 921 4895 Ad
946 4820 1033 4892 llaec
1058 4827 1173 4895 studia
1225 4818 1360 4915 divini,
1399 4833 1495 4923 quod
1531 4829 1702 4923 praecipit
1733 4822 1923 4916 hospitalia
1955 4825 2069 4894 officia
2100 4821 2214 4891 tribui

183 4928 348 4997 adiunxit
375 4928 597 5020 eloquentiae
625 4927 806 5008 exercitia,
846 4928 890 4993 ad
917 4948 1023 5016 quam
1048 4938 1172 4995 natura
1225 4988 1449 5002 ..-‚..-

181 5030 332 5099 idoneus
355 5044 426 5114 est,
455 5048 564 5123 utque
590 5030 704 5097 oratio
727 5050 768 5095 ex
797 5026 957 5097 sontibus
982 5027 1174 5116 sapientiae
1256 5076 1286 5140 1)
1306 5071 1369 5128 vm·
1386 5090 1468 5145 ⁸⁰9¹·
1486 5087 1530 5144 ep.
1549 5071 1583 5126 ad
1601 5069 1733 5126 &mm
1754 5067 1781 5126 d.
1799 5067 1840 5124 23·
1853 5065 1922 5136 Ape.
1939 5063 1965 5122 g
1982 5080 2009 5122 ι

182 5145 399 5216 sumeretur,
423 5130 526 5203 initia
548 5129 677 5200 didicit
700 5127 881 5199 doctrinae
903 5129 947 5199 de
967 5143 1093 5201 natura
1115 5154 1173 5200 re·
1256 5156 1285 5227 2)
1307 5156 1378 5212 cst.
1391 5156 1451 5214 Par.
1466 5155 1718 5211 Paeermaoaum.

1243 5236 1285 5313 0)
1302 5249 1353 5311 ex]
1371 5241 1499 5314 rescripsi
1518 5258 1569 5312 pro
1588 5249 1640 5295 est.

1255 5330 1288 5400 4)
1306 5328 1458 5398 Quomodo
1476 5326 1542 5383 haec
1559 5328 1656 5397 duplex
1677 5324 1731 5378 diei
1748 5319 1908 5394 significatio
1923 5316 2057 5381 extiterit,
2084 5316 2217 5391 explicere

142 5396 149 5407 ⁵
198 5406 242 5476 Ὗ)
257 5406 340 5461 Addit
354 5407 385 5460 tt.
398 5403 436 5460 Ι).
453 5433 488 5446 -
523 5400 567 5457 De
586 5400 697 5455 adversa
712 5399 870 5458 valetudine
890 5400 1035 5459 metata:
1047 5400 1169 5460 bleicnb.
1289 5413 1348 5452 non
1367 5414 1519 5469 possumus.
1559 5395 1718 5450 &cundum
1739 5391 1817 5469 Pauli
1834 5390 1917 5446 liberi
1937 5387 2130 5445 calendarium
2150 5385 2218 5442 dle-

139 5494 145 5510 ·
248 5470 918 5546 Maesulus-ammutium
1142 5492 1145 5497 ·
1289 5456 1726 5543 nndwssegttvedieVlenii
1743 5464 1925 5553 wasuh,
1988 5476 1993 5539 j

1757 5632 1760 5637 .
1848 5602 1889 5637 ,Ν
1928 5612 2000 5641 ᾖ..

180 5302 403 5320 *om-'⁸⁶¹
