4776 6024
167 111 261 186 739·
737 105 1173 186 ttrtsrotattutt
1224 106 1330 182 ΗΒ.
1357 104 1438 180 llll.
1490 105 1624 184 taso.
2126 97 2207 176 tto

175 300 380 370 contexere,
403 296 440 353 et
455 295 567 354 totum
586 281 784 353 aedilicium
808 297 925 354 ruente
939 282 1160 374 contempla·
1208 291 1243 349 et
1256 274 1394 371 phrasis
1407 275 1531 367 gignit.
1572 275 1620 350 Et
1635 273 1721 349 haer
1734 278 1910 349 renuntia
1928 299 2008 348 cum
2024 284 2101 346 toto
2115 296 2201 343 cor-

175 389 228 473 ri,
253 399 288 457 et
309 387 349 455 in
370 384 488 454 verbis
510 383 663 453 retinere
689 383 844 453 nativam
870 385 1169 475 significationem¹
1211 403 1295 470 pore
1311 373 1605 470 Propheticarum
1621 391 1657 450 et
1671 378 1958 471 Apostolicarum
1981 376 2198 452 censimum

177 488 275 560 iusta
313 483 458 580 phrasin
490 483 655 557 usitatam
688 480 878 575 Prophetis
910 500 946 557 et
970 481 1163 576 Apostolis,
1208 480 1390 570 congruit,
1425 504 1533 572 quam
1562 480 1713 551 retinuit
1739 492 1773 551 ct
1792 476 2035 570 Augustinus,
2066 477 2134 546 etsi
2161 489 2202 546 et

179 612 331 681 cumque
352 586 422 653 iam
445 583 652 674 cognoverit
675 586 762 678 quid
785 584 919 657 Paulus
941 588 1053 670 dicat;
1079 608 1161 654 nam
1210 583 1283 672 ipse
1299 580 1410 651 etalii
1425 583 1588 674 quidam,
1613 583 1697 676 quia
1712 581 1751 649 in
1766 582 1945 674 loquendo
1961 575 2203 668 negligentio-

179 690 226 760 ab
246 689 323 778 ipso
346 686 456 756 discet
477 687 564 778 quid
585 686 690 772 velit,
716 709 790 756 non
805 689 947 777 affingat
963 687 1164 779 peregrinas
1210 706 1265 751 res
1278 683 1443 762 fuerunt,
1460 682 1640 753 interdum
1655 681 1728 752 suis
1746 680 2031 753 enarrationibus
2046 678 2202 750 miscent

181 787 469 876 imaginationes,
496 787 694 858 intuebitur
716 803 833 859 mente
854 791 1060 858 universum
1084 809 1162 856 cor·
1211 775 1468 879 ἀκυρολογίας.
1527 782 1650 854 Novus
1677 784 1852 876 interpres
1871 777 2065 876 Staphylus
2097 803 2201 852 nuuc

181 911 247 983 pus
261 889 443 957 doctrinae
458 883 689 978 Propheticae
706 902 739 957 et
754 885 995 980 Apostolicae,
1027 889 1065 956 iu
1082 910 1164 979 quo,
1211 883 1397 953 minitatur
1412 883 1542 953 nostris
1555 881 1723 956 Ecclesiis
1736 884 1918 966 atrociter,
1943 897 1979 954 et
1997 881 2134 955 iactitat
2159 905 2203 951 se

181 1012 262 1067 cum
279 989 452 1077 intelliget
466 1013 674 1059 consensum
690 1011 763 1058 esse
780 1003 990 1082 perpetuum
1005 1013 1086 1059 curn
1099 982 1165 1057 hac
1210 986 1287 1079 fore
1304 987 1518 1054 adsertorem
1536 985 1835 1081 interpretationis
1843 999 2021 1070 veterum,
2039 983 2205 1078 quicum

180 1089 286 1161 Pauli
303 1090 482 1172 doctrina,
504 1084 597 1158 nihil
617 1088 794 1162 dubitabit
815 1085 907 1161 hanc
930 1114 1003 1161 esse
1023 1102 1165 1174 senten·
1211 1109 1274 1156 sua
1289 1084 1454 1180 mysteria
1470 1085 1642 1177 proferet,
1665 1086 1838 1158 iudicabit
1847 1082 2027 1167 Ecclesia,
2053 1081 2205 1155 utPau·

182 1186 269 1263 tiam
291 1188 412 1274 Pauli,
438 1214 544 1283 quam
567 1189 677 1279 ipsius
700 1191 814 1264 oratio
836 1203 872 1261 et
895 1191 1064 1262 continua
1085 1213 1165 1281 par·
1213 1188 1269 1257 lus
1291 1184 1420 1278 inquit.
1470 1182 1520 1257 Et
1541 1208 1604 1276 ego
1626 1211 1683 1258 me
1705 1189 1822 1282 ipsum
1841 1183 2204 1258 ethancenarratio-

184 1290 275 1365 tium
300 1291 405 1361 series
427 1290 548 1381 gignit.
600 1289 749 1364 Adferet
765 1293 870 1363 etiam
887 1293 998 1362 lector
1010 1305 1164 1360 mentem
1213 1312 1293 1356 nem
1302 1281 1483 1378 Epistolae
1495 1284 1618 1373 Pauli,
1634 1300 1668 1359 et
1682 1303 1794 1360 cetera
1809 1312 1887 1358 mea
1903 1288 2030 1379 scripta
2047 1287 2204 1358 sublicio

185 1378 260 1462 non
280 1393 484 1482 profanam,
516 1416 589 1460 non
621 1408 795 1466 amantem
823 1387 1059 1485 sophistices,
1091 1415 1163 1461 non
1213 1389 1345 1458 iudicio
1361 1388 1503 1480 piorum
1517 1400 1552 1459 et
1566 1389 1786 1461 eruditorum
1802 1390 1961 1460 virorum
1976 1390 2014 1457 in
2028 1383 2206 1459 Ecclesiis

185 1494 361 1563 furentem
378 1493 573 1562 ambitione
587 1505 621 1562 et
636 1494 740 1580 odio,
763 1497 824 1564 sed
839 1494 1022 1565 timentem
1039 1492 1166 1577 Deum,
1213 1489 1361 1572 nostris,
1393 1513 1543 1582 quarum
1566 1505 1649 1583 opto
1672 1506 1855 1562 aeternum
1879 1513 2090 1561 consensum
2113 1513 2209 1574 esse,

186 1607 363 1663 amantem
381 1593 558 1676 veritatis,
580 1607 806 1685 quaerentem
829 1617 932 1664 veras
953 1593 1165 1663 consolatio-
1205 1599 1284 1685 'qua
1298 1592 1336 1657 in
1354 1614 1392 1659 re
1408 1590 1520 1659 miror
1536 1591 1687 1682 impetus
1698 1594 1942 1686 quorundam,
1964 1591 2027 1686 qui
2044 1615 2125 1661 cum
2140 1592 2207 1663 fo-

186 1717 249 1763 nes
269 1693 307 1762 in
330 1695 559 1762 conversione
579 1705 612 1763 et
634 1695 809 1764 volentem
825 1695 939 1766 Deum
956 1709 1049 1765 recte
1064 1694 1167 1762 invo-
1214 1692 1263 1760 ris
1278 1691 1437 1784 undique
1454 1692 1559 1762 cincti
1575 1692 1686 1764 simus
1705 1689 1894 1765 hostilibus
1908 1693 2134 1775 exercitibus,
2163 1707 2206 1766 ct

187 1818 284 1879 care,
315 1795 494 1862 dolentem
518 1793 622 1863 etiam
644 1809 789 1887 propter
808 1792 987 1866 Ecclesiae
1009 1795 1167 1878 vulnera,
1215 1792 1351 1880 magnis
1369 1804 1403 1860 et
1418 1792 1585 1879 diversis,
1609 1807 1728 1864 umen
1751 1795 1896 1886 privatis
1919 1795 2110 1866 adfectibus
2128 1798 2206 1865 do-

187 1918 277 1988 quae
292 1895 402 1982 magis
417 1893 597 1986 magisque
611 1895 811 1965 lacerantur
827 1910 863 1967 et
877 1898 961 1967 odio
987 1912 1021 1968 et
1034 1890 1166 1985 Sophi·
1215 1893 1359 1961 mestica
1373 1891 1465 1961 bella
1481 1909 1672 1986 quaerunt,
1696 1896 1759 1966 alii
1771 1897 1851 1968 alia.
1902 1894 1999 1967 Hinc
2019 1919 2082 1965 nos
2096 1894 2204 1968 Pon-

186 1996 290 2080 stica,
314 2018 416 2086 saepe
438 1994 543 2064 etiam
562 1995 707 2065 lectioni
721 1996 923 2067 miscentem
939 1998 1108 2086 gemitus,
1133 2009 1167 2065 et
1216 1992 1316 2064 tilicii
1331 1993 1520 2085 scriptores
1535 1994 1698 2067 instructi
1721 1997 1893 2086 ingeniis,
1917 1996 2137 2092 eloquentia,
2163 2013 2206 2072 et

185 2110 380 2188 petentem,
403 2108 444 2165 ut
459 2118 477 2164 a
493 2091 570 2164 Deo
585 2097 771 2183 doceatur,
786 2110 827 2167 ut
840 2094 1016 2189 Propheta
1032 2096 1165 2190 inquit:
1216 2092 1423 2165 auctoritate
1437 2109 1666 2188 oppugnant,
1688 2096 1797 2169 Polus
1812 2100 1850 2167 in
1867 2096 2017 2188 Anglia‚
2031 2093 2145 2169 Osius
2160 2101 2218 2181 in,

186 2200 241 2268 fac
258 2222 338 2267 curn
353 2220 455 2264 servo
472 2208 534 2265 tuo
553 2198 746 2266 secundnm
764 2198 1046 2268 misericordiam
1069 2209 1165 2269 tuam
1216 2193 1388 2280 Paionia,
1410 2191 1575 2266 Carisius
1590 2197 1628 2265 in
1646 2197 1810 2284 Austris,
1836 2198 2002 2272 Roardus
2025 2199 2065 2269 in
2076 2197 2207 2291 Belgi-

188 2311 224 2368 et
247 2297 511 2366 iustificationes
531 2312 608 2367 tuas
630 2297 716 2367 doce
738 2323 806 2373 me.
858 2297 958 2369 Talis
980 2299 1009 2370 si
1028 2299 1095 2369 erit
1115 2299 1166 2367 le-
1218 2320 1278 2376 co,
1306 2293 1513 2386 Gropperos
1534 2293 1733 2369 Cardinalis
1755 2301 1795 2369 in
1811 2300 1927 2373 Ubiis.
1977 2298 2207 2394 thuotidie

188 2411 285 2483 ctor,
308 2411 349 2467 ut
364 2397 457 2481 dixi,
471 2411 564 2487 reget
579 2397 656 2468 eius
670 2413 824 2470 mentem
838 2396 936 2471 Deus
951 2415 985 2473 et
999 2395 1067 2470 hac
1081 2422 1167 2469 voce
1218 2395 1415 2467 invitantur
1426 2398 1554 2487 opibus
1568 2397 1765 2472 Pontificiis
1789 2403 1873 2489 alii,
1899 2418 1937 2474 ut
1952 2405 1995 2471 ad
2012 2403 2208 2476 florentem

188 2499 419 2569 doctrinaeet
436 2499 611 2585 lucerua,
637 2523 682 2568 ne
698 2502 867 2570 deerreta
884 2500 1167 2574 verasententia.
1218 2500 1397 2568 fortunam
1429 2521 1465 2566 se
1497 2500 1703 2589 adiungant.
1767 2501 1871 2574 lllinc
1906 2505 2063 2575 inferunt
2095 2508 2210 2578 nobis

188 2594 242 2670 Ac
263 2601 387 2669 de”me
412 2623 486 2668 non
509 2600 620 2671 multa
646 2600 778 2683 dicam,
804 2597 872 2671 hoc
890 2625 977 2691 ago,
1001 2615 1167 2673 utmem-
1218 2598 1309 2667 bella
1324 2599 1467 2668 fanatici
1494 2594 1677 2685 homines,
1700 2603 1837 2675 inimici
1850 2604 2039 2676 ministerii
2051 2609 2210 2698 publici,

187 2701 335 2771 brorum
355 2701 519 2772 ordinem
539 2702 743 2788 ostendam,
773 2715 807 2772 et
828 2728 1012 2788 moneam,
1036 2727 1084 2774 ne
1103 2703 1168 2773 ab·
1219 2698 1488 2790 Anabaptistae,
1512 2713 1546 2770 et
1562 2704 1665 2772 multi
1681 2727 1823 2776 errones
1841 2721 1874 2777 et
1889 2707 2080 2798 lucifugae,
2101 2733 2211 2801 spar-

188 2800 330 2872 iiciat'ur
347 2803 464 2872 nativa
481 2802 689 2892 significatio
704 2806 913 2890 verborum,
935 2818 970 2876 et
990 2805 1096 2875 iubeo
1122 2805 1168 2873 ab
1219 2814 1338 2889 gentes
1360 2802 1518 2891 contagia
1537 2801 1723 2878 Servetica.
1773 2803 1821 2876 Et
1844 2807 2085 2879 srenksetdins
2107 2808 2212 2882 Cen-

188 2903 265 2994 ipso
283 2901 396 2973 Paulo
419 2903 629 2972 sententiam
652 2903 741 2995 peti,
766 2930 840 2974 non
864 2907 969 2995 gigno
992 2906 1089 2977 aliud
1108 2927 1168 2995 ge-
1220 2903 1374 2971 timanus
1391 2917 1461 2986 est,
1487 2899 1592 2974 habet
1606 2905 1737 2976 milites
1749 2908 1898 2998 passim,
1921 2911 1984 3003 qui
1997 2910 2111 3002 ipsius
2128 2935 2209 2983 no-

187 3027 257 3072 nus
273 3004 471 3087 doctrinae,
496 3017 533 3074 et
549 3004 668 3074 iudico
685 3026 877 3092 congruere
900 3019 1008 3077 totam
1023 3027 1169 3076 enarra-
1220 3002 1317 3070 mine
1332 3025 1405 3071 uon
1423 3003 1537 3072 solnm
1557 3005 1685 3097 scripta
1699 3026 1886 3099 spargunt,
1909 3012 1969 3081 sed
1986 3013 2093 3085 ctiam
2108 3017 2212 3086 sedi-

188 3104 323 3173 tionem
343 3116 498 3172 nostram
516 3126 596 3172 cum
618 3102 1087 3176 confessioneEcclesiarum
1101 3129 1169 3175 no·
1220 3101 1334 3196 tiones
1361 3117 1523 3184 movent,
1556 3104 1718 3178 itelllanl
1749 3111 1919 3195 adflatus,
1950 3125 1987 3184 et
2019 3115 2211 3189 abducunt

189 3215 363 3287 stratum,
388 3227 407 3271 a
423 3227 491 3295 qua
506 3227 578 3272 non
597 3204 749 3277 discedo.
800 3205 896 3275 Fons
911 3224 961 3279 est
975 3208 1069 3276 enim
1084 3230 1170 3276 con·
1222 3199 1384 3273 homines
1398 3227 1417 3273 a
1435 3202 1578 3295 publico
1591 3209 1808 3297 ministerio,
1832 3226 1867 3284 et
1889 3236 1909 3282 a
1924 3214 2074 3286 lectione
2088 3232 2121 3289 et
2136 3242 2204 3289 co·

186 3302 349 3373 fessionis
370 3300 608 3373 Ecclesiarum
636 3319 837 3375 nostrarum
864 3305 969 3377 Pauli
997 3308 1170 3382 doctrina.
1221 3303 1391 3394 gitatione
1413 3304 1606 3377 doctrinae·
1670 3307 1723 3380 Ac
1746 3336 1843 3384 nunc
1869 3340 2010 3410 quoque
2032 3321 2203 3390 adversus

189 3401 318 3474 Fateor
332 3419 469 3488 autem,
498 3417 608 3475 totam
629 3399 722 3475 hanc
743 3409 1001 3478 enarrationem
1028 3410 1171 3487 tenuio-
1221 3429 1278 3474 me
1294 3406 1397 3476 editis
1412 3406 1547 3499 aliquot
1565 3410 1710 3499 pagellis
1725 3416 1871 3483 nomine
1884 3415 2113 3504 Stenkfeldii,
2136 3447 2204 3492 re-

188 3528 264 3574 rem
281 3529 354 3576 esse
370 3506 605 3596 amplitudine
618 3507 808 3599 sapientiae
816 3506 902 3596 Dei,
927 3504 1170 3581 concionantis
1221 3508 1352 3597 petitur
1368 3507 1428 3575 ille
1444 3505 1673 3600 κοκκϋσμὸς,
1700 3515 1895 3603 εῐᾶῐῐῦὸῑωὸ
1911 3520 2085 3602 millena
2098 3524 2209 3594 fana-

189 3630 274 3674 voce
297 3601 512 3698 Apostolica.
562 3607 632 3678 Sed
653 3622 771 3679 tamen
794 3611 909 3681 aliena
931 3634 952 3682 a
970 3597 1084 3684 Pa'ulo
1109 3625 1171 3684 aut
1222 3607 1300 3678 ticis
1317 3601 1537 3680 hominibus:
1563 3607 1645 3680 Non
1666 3613 1877 3703 cogitatione
1899 3621 2047 3713 scriptae
2069 3623 2211 3694 doctri-

188 3709 384 3799 pugnantia
398 3709 514 3778 dicere
526 3731 751 3802 nequaquam
764 3711 875 3786 volui.
937 3740 942 3759 =
1222 3733 1288 3777 nae
1306 3707 1421 3778 Deum
1445 3704 1765 3784 communicardse
1791 3713 1988 3790 hominnm'
2010 3725 2209 3811 mentibus,

293 3807 393 3892 Scio,
418 3810 549 3878 multos
574 3811 772 3901 disputare,
797 3812 836 3880 in
860 3813 1082 3884 enarratione
1101 3809 1170 3884 hu.
1221 3811 1280 3877 sed
1299 3810 1377 3878 sine
1392 3811 1520 3883 medio.
1572 3810 1622 3883 At
1638 3792 1740 3887 toties
1755 3817 1881 3890 iubent
1894 3820 2211 3914 nosPropheticae

192 3907 248 3976 ius
264 3905 446 3998 Epistolae
462 3933 535 3979 esse
549 3911 791 4002 quaestionem
807 3917 875 3985 τοῦ
887 3915 999 4006 ῥητοῦ
1011 3910 1075 3986 καὶ
1088 3910 1170 3987 deo·
1222 3923 1257 3981 et
1278 3908 1501 4002 Apostolicae
1521 3919 1716 3986 sententiae
1744 3918 1782 3986 ih
1804 3922 1972 3991 omnibus
2002 3926 2207 4014 doloribus,

191 4002 306 4089 νοίας.
357 4008 407 4082 Et
421 4011 608 4084 discedunt
622 4006 799 4097 Thomas,
823 4009 952 4085 Asotus
971 4027 1005 4085 et
1024 4016 1169 4102 similes,
1224 4013 1260 4080 in
1282 4012 1492 4081 testimoniis
1516 4015 1666 4105 scriptae
1690 4021 1871 4090 doctrinae
1892 4024 2109 4097 voluntatem
2135 4027 2209 4100 Dei

193 4132 214 4180 a
236 4113 410 4182 sermonis
431 4113 664 4205 proprietate,
693 4125 728 4182 et
751 4127 927 4207 quaerunt
948 4117 1169 4206 peregrinam
1222 4113 1462 4197 considerare,
1486 4113 1574 4184 sicut
1590 4117 1628 4185 in
1641 4116 1781 4189 Psalmo
1797 4123 1944 4192 diciturr
1970 4126 2113 4198 lucerna
2141 4156 2207 4222 pe.

194 4214 422 4297 sententiam,
454 4226 488 4284 et
509 4214 675 4285 mutilant
695 4226 730 4284 ct
752 4230 984 4309 corrumpunt
1008 4216 1171 4302 Paulum,
1222 4214 1327 4283 dibus
1339 4213 1426 4284 meis
1441 4216 1595 4289 verbum.
1605 4231 1716 4294 tuum.
1768 4222 1841 4293 Nec
1859 4248 1921 4314 ego
1938 4225 2083 4316 ignoro,
2108 4256 2209 4321 quo-

195 4310 336 4380 dicunt:
364 4313 694 4401 fidesnmusiusti,
719 4315 854 4387 scilicet
875 4319 1034 4388 formata.
1085 4318 1171 4390 Sine
1222 4309 1538 4386 modohaecdicta
1560 4319 1714 4392 eludant.
1767 4323 1837 4396 sed
1859 4351 1955 4399 nsrnc
1977 4331 2103 4401 omitto
2127 4334 2208 4403 dis-

195 4408 382 4500 operibus,
409 4414 541 4501 scilicgt
559 4417 862 4488 ceremonialibus.
912 4415 960 4489 Et
983 4431 1068 4489 sunt
1090 4421 1171 4511 plu·
1222 4416 1452 4506 potationem.

196 4532 253 4579 res
268 4514 505 4604 corruptelae,
529 4517 573 4585 de
588 4519 719 4610 quibus
736 4519 774 4586 in
790 4519 864 4611 ipsa
881 4521 1104 4590 enarratione
1116 4523 1172 4591 di·
1326 4516 1417 4587 lllud
1435 4534 1537 4609 opto,
1559 4535 1599 4591 ut
1616 4522 1747 4610 singuli
1762 4528 1969 4615 rogitemus,
1985 4555 2075 4624 quae
2087 4548 2123 4604 et
2139 4538 2207 4607 ubi

197 4623 305 4686 cetur.
355 4609 489 4707 Aperte
512 4617 633 4687 reiicio
659 4618 735 4687 illas
751 4623 950 4710 peregrinas
964 4621 1173 4714 interpreta—
1221 4614 1434 4689 sitEcclesia
1444 4619 1531 4707 Dei,
1552 4637 1585 4694 et
1601 4649 1681 4692 cum
1698 4641 1836 4697 nostros
1852 4643 1971 4700 coetus
1988 4657 2106 4702 veram
2127 4661 2209 4710 esse

198 4712 328 4797 tiones,
364 4719 437 4785 sive
472 4719 542 4788 sint
570 4714 756 4809 Origenis,
789 4723 862 4790 sive
889 4720 1068 4805 Thomae,
1100 4725 1173 4793 sire
1220 4716 1413 4788 Ecclesiam
1434 4719 1499 4788 Dei
1524 4720 1693 4804 sciamus,
1735 4729 2019 4802 coniunctionem
2043 4750 2205 4809 nostram

196 4810 634 4912 Osiandrisynecdochae.
684 4819 831 4906 Fateor,
857 4849 913 4892 me
931 4827 975 4892 ab
991 4821 1046 4891 his
1063 4819 1175 4892 hosti·
1219 4819 1386 4888 omnibns
1413 4821 1479 4910 piis
1508 4824 1632 4893 officiis
1655 4839 1828 4903 tueamur.
1888 4828 1967 4901 Etsi
1999 4851 2117 4906 autem
2147 4839 2205 4909 in-

197 4916 264 4984 bus
283 4920 420 4986 nativae
437 4924 631 4992 sententiae
646 4919 750 4992 Pauli
764 4925 968 5004 dissentire,
994 4936 1027 4992 et
1042 4924 1175 5009 iudico,
1218 4921 1314 5009 genti
1331 4922 1452 4990 dolore
1473 4923 1633 5009 adficior,
1658 4927 1800 4997 intuens
1814 4944 1929 5004 tantas
1943 4936 2207 5028 dissipationes,

197 5032 336 5086 nostras
361 5014 535 5093 Ecclesias
559 5021 603 5097 τὸ
630 5020 742 5118 ῥητὸν
766 5051 841 5095 non
869 5021 1079 5114 sophistice,
1114 5025 1173 5095 sed
1219 5035 1353 5104 tamen,
1377 5048 1458 5091 cnm
1477 5025 1570 5093 inter
1584 5028 1670 5095 tales
1686 5029 1813 5101 fluctus
1834 5034 1873 5101 in
1888 5059 2013 5124 genere
2040 5035 2204 5112 humano

196 5134 290 5188 recte
311 5121 480 5203 retinere,
512 5140 546 5197 et
570 5150 644 5196 esse
657 5123 760 5196 Pauli
781 5126 990 5216 discipulas,
1013 5149 1053 5196 ac
1078 5128 1175 5219 sequi
1217 5146 1320 5191 verae
1352 5120 1530 5195 Ecclesiae
1563 5132 1723 5220 cymbam
1753 5156 1892 5224 semper
1924 5134 2005 5206 vehi
2039 5142 2209 5230 sciamus,

191 5224 350 5299 nativam
375 5227 603 5309 sententiam,
634 5254 740 5322 quam
764 5229 953 5299 verborum
982 5229 1177 5321 proprietas
1216 5225 1316 5300 cuius
1331 5228 1547 5315 gubernator
1567 5243 1618 5299 est
1640 5232 1734 5301 lilius
1748 5233 1832 5321 Dei,
1857 5236 1991 5308 etiamsi
2012 5240 2209 5335 rerrriginsn
