4776 6024
76 319 155 395 m
646 307 1075 386 EPISTOLARUM

79 489 263 566 adversm
271 489 463 585 ¹videamur
475 486 531 555 illi
539 482 771 556 Coloniarum
786 483 1004 568 deductioni,
1023 482 1078 551 fa-

81 595 189 667 cilius
210 605 370 663 nostram
393 611 537 678 operam
560 589 742 658 offerimus
764 587 876 658 vobis.
928 583 1077 657 Sireti-

79 697 227 770 nebitur
241 694 322 765 istic
337 686 486 775 Statio,
512 712 611 780 reges
625 714 707 760 eum
721 689 791 759 tuis
809 685 986 771 consiliis,
1011 709 1077 755 nec

79 798 228 882 dubito,
261 795 339 865 fore
359 793 552 863 intuenda
573 792 823 862 coniunctione
850 801 963 858 vestra
986 787 1077 875 vigi-

79 903 213 972 lantem
240 911 274 968 et
299 897 455 970 firmum.
507 893 615 966 Mitto
632 893 789 984 exempla
808 891 986 982 proximae
1004 889 1078 958 dis-

79 1001 295 1096 putationis,
332 1022 424 1092 quae
453 1020 571 1067 meum
601 996 670 1064 iter
701 998 747 1063 ad
788 1017 851 1063 vos
881 990 1077 1084 impedivit.

80 1103 179 1176 Bene
193 1117 229 1174 et
242 1099 499 1174 felicitervale.
550 1098 621 1169 Die
643 1096 679 1169 9.
693 1095 794 1168 Maii.

185 1257 422 1360 fSucrinf*)
438 1263 495 1332 die
510 1263 546 1333 2.
555 1260 648 1332 Maii
660 1287 756 1333 anno
770 1258 878 1334 1554.
894 1271 1077 1350 conspecta

136 1367 365 1461 haccspccies
385 1378 466 1459 post
485 1365 668 1434 meridiem
693 1366 886 1456 aprincipe
907 1376 941 1433 et
954 1358 1078 1431 multis

139 1471 221 1542 aliis
236 1493 454 1561 magnacum
472 1469 756 1538 consternatione
770 1467 975 1537 multorum.

86 1616 138 1673 Sol
154 1633 255 1673 men·
289 1614 383 1684 Lupus
395 1609 529 1665 recedens
592 1619 648 1663 atra
662 1609 765 1677 nubes,
785 1619 811 1662 et
825 1627 854 1660 er
872 1607 943 1662 nube
956 1604 1051 1688 crebri·

138 1696 191 1742 tos.
328 1678 471 1736 adsolent.
558 1677 632 1750 globi
647 1678 722 1736 velut
734 1676 947 1733 bombardorum
962 1672 1080 1730 emissr.”

124 1781 479 1958 uem
752 1776 909 1951 ff

89 2239 284 2373 Q.

300 2518 313 2539 Ἰ
420 2427 518 2517 sat.
546 2425 752 2514 Linckio.

162 2602 244 2659 Edita
258 2603 287 2659 tn
304 2604 493 2662 tttctctcr’t
511 2603 651 2666 ttbcattt.
669 2622 696 2674 p.
712 2602 772 2655 ⁴4⁰·
809 2600 924 2668 (lam)

139 2754 317 2835 Studium
338 2755 526 2833 doctrinae
550 2769 581 2828 et
604 2757 751 2829 virtutis
776 2754 1031 2828 Salomoni

446 2857 596 2934 Linea
621 2862 657 2935 S.
678 2861 720 2934 D.

88 3001 247 3108 Semper
259 3025 295 3085 et
308 3012 416 3084 dilexi
430 3004 467 3086 'et
481 3025 667 3084 veneratus
682 3034 759 3081 sum
779 3025 914 3103 patrem
932 3024 1033 3081 tuum
1042 3006 1080 3108 ¹),

88 3118 206 3189 virum
222 3115 512 3206 integerrimum,
538 3115 638 3185 cuius
660 3115 771 3205 pietas
787 3127 821 3182 et
842 3116 1023 3203 integritas
1038 3139 1079 3184 eo

88 3215 177 3289 mibi
190 3219 303 3308 magis
319 3230 407 3288 nota
423 3231 491 3303 est,
516 3241 621 3311 quam
639 3216 728 3301 aliis,
755 3217 836 3308 quia
853 3217 1080 3288 deliberatio-

90 3322 193 3392 nibus
219 3344 341 3391 rerum
372 3343 447 3388 non
470 3319 671 3410 vulgarium
704 3319 811 3387 simul
843 3318 1079 3388 interfuimus.

91 3423 142 3494 Te
165 3445 309 3518 quoque
328 3435 474 3513 propter
497 3435 680 3514 paternam
710 3420 903 3490 amicitiam
927 3421 1082 3512 comple-

90 3527 256 3596 ctendum
274 3547 349 3593 esse
367 3524 500 3598 censui.
551 3520 599 3593 Et
619 3523 685 3590 scis
708 3534 853 3612 propter
874 3522 1081 3590 memoriam

90 3628 200 3718 patris
225 3624 444 3717 Noribergae
470 3626 602 3695 multos
631 3619 799 3691 honestos
826 3618 990 3690 homines
1015 3622 1082 3691 tibi

90 3730 188 3798 benc
206 3726 309 3800 velle.
357 3725 465 3816 Quod
486 3752 542 3795 me
564 3726 703 3816 placare
725 3724 862 3806 studes,
888 3723 995 3808 scito,
1025 3746 1082 3791 me

92 3841 236 3920 optare,
260 3840 301 3898 nt
313 3829 379 3900 tibi
395 3831 485 3899 bene
500 3831 562 3914 sit3
587 3842 622 3898 et
637 3827 751 3896 sicubi
765 3849 913 3916 possem,
939 3825 1005 3896 tibi
1021 3826 1084 3893 be-

94 3931 303 4004 nefacerem,
359 3928 553 4026 Nunquam
573 3930 683 3999 iratus
704 3928 771 3999 tibi
789 3929 843 3997 fui
865 3953 942 3997 mea
965 3952 1083 3998 causa:

96 4046 245 4125 paterno
258 4031 376 4102 animo
392 4048 425 4104 et
439 4033 600 4125 publicae
616 4032 711 4122 pacis
724 4053 826 4100 causa
843 4045 877 4100 te
890 4032 1084 4124 aliquando

94 4133 225 4204 monui
241 4136 286 4205 de
304 4149 367 4206 tuo
386 4136 516 4206 officio.
569 4133 672 4204 Nunc
692 4133 722 4201 si
743 4134 920 4222 perficias,
944 4146 985 4203 ut
1001 4133 1086 4203 dili-

92 4235 215 4327 gentia
230 4249 265 4307 ct
277 4238 448 4308 modestia
463 4237 593 4308 tuearis
608 4237 728 4305 locum
747 4235 881 4305 alicubi
902 4237 940 4304 in
954 4238 1087 4305 docen-

915 2245 1069 2315 tolum.

900 2335 1072 2365 Μ

93 4454 287 4526 amantem3
313 4453 367 4526 et,
395 4441 508 4512 sicubi
522 4454 665 4531 potero,
690 4439 764 4529 ipse
779 4439 845 4509 tibi
859 4440 1089 4522 benefaciam,

93 4554 127 4612 et
140 4542 224 4636 quia
237 4542 352 4635 patris
364 4543 436 4629 tui,
460 4543 530 4613 viri
546 4541 731 4634 prudentis
744 4555 777 4610 et
797 4540 929 4609 eruditi
944 4562 1080 4609 memo-

91 4643 185 4714 riam
203 4645 341 4717 retineo
350 4643 374 4730 ,'
392 4659 427 4715 et
448 4645 532 4739 quia
554 4659 588 4715 te
610 4666 752 4736 quoque
772 4656 956 4734 paternam
973 4642 1089 4712 virtu-

93 4758 168 4815 tem
200 4745 332 4819 imitari
362 4747 481 4821 velim.
520 4745 630 4816 ¹Bene
664 4745 761 4824 vale,
805 4745 863 4814 die
899 4748 959 4818 10.
989 4742 1091 4828 Maii,

97 4841 214 4919 1554.

607 4946 801 5042 Philippus
815 4946 1042 5022 Melantbon.

127 5208 159 5275 *)
176 5206 239 5264 llos
251 5195 473 5291 additamentum
492 5194 594 5281 le'gitor
607 5228 670 5275 cum
689 5164 824 5295 figur-isin
836 5206 899 5263 cod.
912 5206 1022 5260 zittan'

131 5314 159 5377 tt
179 5296 387 5366 wenceslaum
408 5310 505 5369 Ltnet.
523 5346 557 5358 -
593 5308 656 5373 Vi'd.
672 5312 750 5368 etiam
773 5294 964 5366 testimonium¹
977 5304 1092 5366 bischis
1217 5315 1220 5325 '

166 5381 262 5435 datum
276 5378 303 5435 d.
317 5380 360 5436 28.
378 5381 454 5439 Maii.

1131 306 1240 383 tls.
1275 308 1359 387 Xll.
1420 308 1554 387 1664.

1127 478 1328 607 Q.

2047 317 2121 388 278

1979 490 2121 559 tortu

1987 580 2121 607 Μ

1411 667 1481 753 Μ.
1510 667 1846 779 Mcicnbcsrgio.

1196 845 1282 918 apta.
1299 847 1346 902 tu.
1365 847 1397 900 v.
1415 866 1443 919 p.
1461 845 1514 900 cae
1526 862 1567 916 iq.

1153 999 1213 1074 M
1216 998 1398 1076 ichasli
1416 1001 1471 1075 M
1477 1003 1771 1176 ιίιηῖανὸἰο,
1800 1006 1956 1080 Considi
1974 1006 2092 1084 Nort-

1604 1133 1659 1181 us.

1130 1237 1177 1324 S.
1197 1248 1242 1325 Ι).
1292 1250 1549 1324 Honestissima
1578 1256 1652 1337 vir,
1693 1269 1727 1326 et
1756 1258 1867 1328 amice
1900 1255 2116 1334 charissime.

1129 1349 1208 1423 Oro
1224 1352 1357 1423 Filium
1375 1352 1463 1440 Dei,
1487 1353 1683 1426 Dominum
1699 1371 1861 1429 nostrum
1879 1358 1994 1431 lesum
2011 1358 2119 1433 Chri-

1130 1469 1239 1541 stum,
1265 1456 1469 1526 crucifixum
1492 1480 1558 1547 pro
1581 1458 1705 1542 nobis,
1738 1472 1773 1527 et
1792 1463 2056 1548 resuscitatum,
2080 1481 2120 1537 ut

1129 1581 1193 1626 vos
1215 1569 1249 1626 et
1271 1569 1405 1626 vestros
1427 1579 1550 1627 omnes
1573 1573 1687 1629 servet
1706 1560 1921 1648 incolumes,
1947 1579 1979 1636 et
2003 1565 2121 1652 faciat,

1129 1672 1171 1729 ut
1190 1659 1397 1748 coniugium
1416 1652 1529 1753 fitii‘)
1551 1660 1596 1731 sit
1616 1661 1771 1732 faustum
1784 1673 1820 1731 et
1837 1663 1933 1740 felix.
1984 1662 2129 1738 Eadem'

1131 1774 1212 1830 vota
1226 1759 1410 1830 vobiscum
1427 1761 1553 1830 faciam
1568 1761 1627 1830 die
1642 1764 1730 1831 sacri
1745 1760 1943 1853 Nuptialis,
1967 1769 2122 1839 ubicun-

1131 1887 1199 1956 que
1221 1887 1300 1943 ero,
1333 1862 1399 1932 etsi
1421 1858 1537 1932 adbuc
1557 1887 1680 1953 spero,
1711 1888 1768 1932 me
1790 1867 1835 1932 ad
1850 1889 1913 1934 vos
1929 1882 2120 1940 venturum

1132 1988 1214 2037 esse.
1266 1962 1483 2055 Quanquam
1506 1964 1601 2032 enim
1616 1962 1783 2057 Synodus
1800 1967 1868 2036 erit
1888 1966 1927 2035 in
1941 1963 2120 2041 Naohur.

1128 2089 1196 2159 go,
1223 2088 1329 2158 quam
1343 2088 1480 2155 semper
1493 2066 1658 2135 dissuasi:
1682 2079 1799 2135 tamen
1817 2091 1857 2136 eo
1873 2069 1925 2137 ire
1940 2094 1996 2140 uae
2011 2099 2121 2164 opor-

1130 2179 1190 2241 tet.
1233 2165 1304 2236 Sed
1318 2159 1356 2234 Τ
1356 2163 1572 2259 radingenses
1588 2167 1641 2237 ibi
1655 2166 1724 2236 iam
1739 2168 1903 2254 fuerunt,
1927 2174 1988 2266 qui
2007 2175 2038 2242 si
2054 2179 2121 2247 do·

1130 2294 1228 2338 mum
1243 2267 1448 2354 redierunt,
1472 2266 1655 2365 Naoburgi
1675 2263 1766 2337 mibi
1783 2266 1877 2340 nihil
1897 2275 2031 2364 negotii
2044 2280 2121 2362 erit,

1132 2371 1201 2439 nisi
1226 2370 1326 2440 aliud
1353 2371 1480 2463 poc'ma
1501 2371 1655 2441 aulicum
1681 2385 1910 2462 proponetur.
1967 2373 2064 2447 Bene
2088 2395 2120 2450 et

1129 2472 1279 2542 feliciter
1292 2473 1428 2543 valeta
1467 2469 1535 2543 Die
1548 2471 1736 2543 undecimo
1750 2470 1852 2545 Maii.

1871 2571 2070 2671 Philippus.

1145 2909 1212 2984 No.
1226 2890 1340 2984 5599.

1137 3007 1350 3045 Μ

1487 3092 1597 3209 cpt.
1624 3094 1785 3217 libius
1935 3092 1944 3110 “

1201 3278 1225 3346 †
1242 3275 1279 3329 Ex
1291 3292 1387 3348 apogr.
1401 3271 1509 3393 in‘otl.
1525 3272 1612 3330 Paris.
1629 3273 1668 3327 D.
1684 3272 1714 3327 b.
1726 3273 1787 3328 ⁶4³.

1159 3424 1516 3524 Christophoro
1540 3424 1703 3511 Libia,
1735 3426 1891 3502 Pastori
1910 3428 2099 3505 Ecclesiae

1437 3527 1826 3624 Brandmburgmsts.

1134 3665 1184 3752 S·
1210 3674 1255 3750 l).
1305 3675 1515 3748 Reverendo
1535 3678 1591 3746 vir
1610 3690 1644 3748 et
1659 3679 1837 3749 carissime
1857 3681 1976 3753 frater.
2029 3681 2125 3751 Pene

1135 3778 1295 3875 quotidie
1311 3780 1510 3869 interrogor
1522 3780 1566 3849 de
1583 3803 1622 3849 ea
1635 3781 1851 3872 quaestione,
1872 3804 1962 3874 quae
1975 3793 2009 3850 et
2023 3795 2125 3853 tuum

1136 3885 1295 3954 animum
1313 3883 1498 3956 excruciat.
1549 3880 1744 3973 Congeram
1763 3884 1872 3974 igitur
1887 3883 1925 3952 in
1945 3908 2058 3953 unum
2076 3884 2127 3953 li-

1137 3988 1271 4058 bellum
1286 3986 1487 4055 testimonia
1506 3986 1663 4054 eruditae
1675 3985 1876 4070 vetustatis,
1902 4009 1993 4076 quae
2006 3998 2126 4056 osten-

1138 4093 1228 4160 dunt
1244 4088 1342 4158 illius
1362 4088 1517 4179 purioris
1534 4087 1656 4156 aetatis
1669 4109 1898 4172 consensum,
1922 4111 2011 4179 quae
2026 4087 2123 4158 illam

1139 4192 1369 4263 recentiorem
1389 4189 1623 4258 inclusionem
1648 4186 1686 4255 in
1707 4211 1834 4279 panem
1856 4210 2001 4281 prorsus
2023 4190 2127 4279 igno·

92 4340 158 4423 do,
187 4339 347 4428 gratulor
366 4340 434 4410 tibi
457 4335 553 4407 hunc
576 4338 737 4407 animum
758 4337 901 4409 virtutis
929 4353 964 4408 et
991 4337 1087 4429 pacis
1139 4308 1204 4366 Μ
1255 4289 1468 4361 Ubivele‘is
1485 4287 1895 4382 Ecclesiaeperspicuam
1917 4293 2127 4362 sententiam

1139 4421 1192 4487 pn
1223 4393 1515 4474 considerabunt,
1549 4404 1669 4481 postea
1698 4414 1817 4463 secum
1847 4394 2045 4484 disputent,
2080 4417 2127 4463 an

1140 4494 1282 4566 licuerit
1310 4492 1567 4564 recentioribus
1596 4494 1703 4562 aliam
1737 4496 1947 4565 sententiam
1979 4497 2129 4565 commi-

1142 4596 1241 4668 nisci.
1290 4594 1362 4664 Nec
1377 4597 1675 4666 contemnendum
1691 4619 1765 4667 esse
1782 4610 1937 4669 vetustae
1952 4592 2130 4667 Ecclesiae

1142 4721 1351 4770 consensum
1377 4709 1513 4780 statuo,
1547 4698 1609 4767 ubi
1638 4694 1721 4792 περὶ
1744 4699 1857 4792 ῥητοῦ
1876 4693 1940 4769 καὶ
1962 4693 2131 4782 διανοίας

1143 4801 1300 4896 quaestio
1323 4813 1384 4874 est.
1437 4796 1551 4870 Aiunt
1571 4796 1606 4871 oi
1624 4799 1868 4884 Μοθωναῖοι,
1893 4821 1930 4867 se
1951 4795 1996 4870 τὸ
2018 4798 2132 4895 ῥητὸν

1144 4903 1256 4987 tueri,
1283 4927 1362 4975 cum
1379 4898 1513 4974 Paulus
1533 4915 1671 4972 tantum
1696 4901 1805 4983 dicat,
1832 4923 1905 4969 esse
1928 4899 2133 4975 κοινωνίαν

1145 4997 1326 5095 σώματος.
1375 5000 1448 5073 Nec
1472 5004 1661 5074 obscurum
1687 5013 1755 5085 est,
1781 5002 1867 5094 quid
1885 4998 2032 5075 Graecis
2054 5028 2132 5075 κοι-

1143 5100 1264 5179 νωνία
1294 5104 1475 5193 significet.
1532 5100 1650 5172 Multa
1679 5126 1757 5170 cum
1785 5102 1861 5193 ipso
1891 5097 2059 5175 Luthero
2086 5106 2131 5174 de

1144 5223 1304 5297 veterum
1323 5205 1427 5273 dictis
1447 5202 1613 5288 disserui3
1647 5203 1707 5300 sed
1730 5205 1945 5294 mirabatur,
1976 5204 2132 5296 potuisse

1048 5516 1054 5523 .
1179 5480 1215 5552 ν)
1232 5428 1495 5534 νοέωοοιὲῑωο.
1525 5450 1570 5537 α’.
1584 5494 1646 5552 up.
1663 5478 1692 5536 a.
1709 5428 2134 5537 carmentariorum.

1439 5545 1523 5626 ts·
