4776 6024
771 186 1425 270 ANNALES'VITAEMEL.
1478 187 1610 267 1555.

706 420 716 442 ·
748 398 845 454 Auiot
862 396 969 463 eloquio
986 393 1139 450 vincentem
1156 399 1186 448 oi
1202 399 1322 463 pondere
1338 397 1408 463 rari,

818 488 853 537 lii
871 483 963 549 posuit
979 483 1106 535 fremitus
1123 485 1235 534 caetera
1251 484 1334 533 turbe
1355 494 1430 534 suos.

748 572 826 622 Unus
847 574 875 620 ei
892 570 916 618 is
935 569 1003 620 tetri
1021 573 1120 631 raptus
1138 567 1348 619 cacodaemonis
1365 571 1444 618 astro

817 653 935 707 strinxit
952 651 981 703 in
1000 655 1147 718 augustum
1166 655 1299 705 barbarus
1320 662 1399 702 erma
1416 663 1519 705 sertem.

749 739 808 789 iloo
827 739 917 789 scelus
936 740 967 789 nt
984 739 1068 791 tertis
1085 741 1214 804 generosi
1232 741 1334 791 intame
1351 735 1467 793 l’olonti

821 822 873 874 ille
892 823 990 873 etenim
1008 835 1024 872 e
1043 826 1139 873 restra
1155 824 1284 873 sarmata
1301 826 1383 887 geute
1400 823 1460 874 luit.

750 906 822 971 Quiri
838 910 921 972 caput
937 909 986 958 boc
1003 909 1127 956 sanetum
1147 902 1196 956 tibi
1213 908 1332 958 barbare
1349 907 1453 958 iecerat
1472 909 1570 970 bostis,

824 993 865 1043 De
884 1003 936 1055 quo
948 991 1010 1042 inre
1028 993 1119 1054 potest
1135 1003 1213 1043 nemo
1231 992 1343 1043 terente
1360 988 1458 1056 querli

750 1077 809 1128 lion
831 1080 923 1127 tamen
941 1078 989 1126 aut
1006 1074 1114 1125 enimus
1132 1077 1227 1128 tirmae
1249 1078 1341 1129 autin
1361 1088 1478 1139 corpore
1495 1075 1570 1127 sires

822 1161 962 1210 iinsarnm
981 1172 1145 1222 oppressum
1165 1161 1318 1213 destituere
1335 1163 1419 1214 decus

753 1243 884 1306 Reppulit
900 1242 1001 1295 obiecti
1019 1244 1075 1295 vim
1094 1248 1199 1297 unum
1217 1248 1335 1298 verbere
1352 1247 1410 1313 plll,

821 1327 964 1392 obviaque
982 1328 1135 1381 innumeris
1154 1330 1252 1383 ictibus
1269 1340 1350 1384 arma
1366 1331 1437 1383 iniit.

754 1416 791 1465 st
807 1415 856 1464 tua
873 1414 902 1464 te
920 1413 1047 1464 Nemesis
1065 1415 1179 1469 meritae
1198 1420 1227 1468 ts
1246 1416 1274 1468 in
1292 1420 1414 1479 tempore
1433 1425 1536 1478 poenae

825 1496 951 1563 impulit,
970 1498 1081 1549 iniustis
1099 1513 1168 1564 quus
1185 1503 1255 1553 solet
1273 1514 1335 1553 esse
1354 1513 1454 1553 eomes.

756 1585 830 1648 Ergo
847 1580 920 1632 omui
937 1592 955 1630 a
973 1585 1075 1647 populo
1094 1587 1240 1638 damnatus
1259 1585 1319 1636 iura
1336 1585 1426 1650 inisti,

823 1667 892 1716 lium
910 1665 996 1719 ferme
1014 1671 1090 1720 suxis
1110 1671 1224 1721 obrotns
1241 1669 1378 1720 exulabis.

756 1748 856 1801 Gratia
875 1749 913 1800 sii
930 1751 1059 1819 cbristo,
1080 1755 1125 1818 qul
1144 1767 1232 1818 parvo
1250 1755 1278 1805 in
1296 1765 1410 1817 corpora
1427 1764 1542 1819 magnus

824 1834 936 1884 Militiae
957 1845 1053 1891 servet
1069 1841 1193 1889 membre
1210 1839 1303 1891 dicate
1320 1849 1397 1890 suae.
1448 1886 1454 1893 .

761 1920 838 1982 onon
857 1919 882 1969 sl
900 1919 957 1969 rim
975 1922 1127 1983 reprimens
1145 1923 1238 1975 rlrtus
1255 1923 1416 1986 incorpore
1433 1925 1511 1973 mnia
1530 1926 1583 1983 est,

827 2001 936 2054 Proelia
952 2005 977 2055 si
994 2007 1078 2058 tortia
1096 2007 1162 2058 telis
1181 2008 1277 2058 dextra
1294 2009 1378 2059 iecit:

757 2086 828 2148 Quiri
846 2085 932 2137 lucles
950 2090 1041 2143 culmo
1059 2093 1216 2155 blaspheme
1233 2097 1263 2142 et
1280 2092 1362 2154 imple
1379 2086 1473 2144 livori

823 2170 875 2221 illo
897 2173 1008 2233 plenum
1026 2175 1131 2228 invicto
1148 2177 1257 2228 nomine
1274 2179 1358 2229 robur
1374 2170 1483 2227 babet.”

249 2292 281 2350 7,
318 2274 472 2352 Crucigeri
487 2269 585 2329 filium
598 2262 775 2326 Melantbon
791 2265 980 2327 commendat
996 2264 1127 2348 Georgio
1140 2271 1296 2350 Fabricio,
1323 2283 1353 2331 et
1366 2267 1496 2331 Paulum
1511 2263 1682 2328 Luthernm
1698 2263 1776 2348 Regi
1792 2263 1917 2328 Daniae.

224 2412 283 2473 21,
318 2392 414 2455 Mittit
438 2388 542 2446 umicis
562 2387 712 2466 pagellum
733 2381 770 2442 de
795 2386 969 2464 genealogia
988 2380 1119 2465 Christi,
1153 2390 1203 2448 oni
1226 2389 1326 2449 additu
1346 2398 1416 2447 sunt
1437 2384 1581 2467 quaedam
1596 2385 1633 2446 de
1650 2388 1785 2464 gentium
1799 2385 1973 2445 nominibus
1985 2399 2015 2446 et
2031 2388 2217 2466 originibus:

370 2484 609 2572 ‚sstommpettei
634 2496 692 2550 boo
714 2482 769 2647 beili
789 2477 959 2646 liiiotiittru
982 2480 1103 2564 librili,
1134 2483 1218 2552 boici
1241 2487 1303 2568 inb
1325 2481 1411 2551 bieiet
1432 2480 1543 2551 iiillst
1564 2485 1624 2551 cite
1646 2481 1766 2551 iumen
1789 2483 1850 2548 unb
1870 2481 2020 2568 lltiptoup
2044 2485 2218 2573 oupepsiptl’

370 2593 420 2659 Cf.
440 2613 487 2672 ep.
505 2590 534 2652 d.
556 2596 612 2656 18.
629 2601 660 2651 ei
678 2595 736 2657 22·
770 2609 811 2647 u.

277 2763 286 2786 .
320 2709 430 2776 Scribit
443 2708 481 2769 ud
498 2709 648 2769 amioum:
675 2725 762 2786 „ego
776 2707 810 2766 in
825 2704 885 2767 hoe
901 2719 985 2768 aestu
1000 2706 1129 2768 duorum
1143 2708 1293 2767 mensium
1308 2724 1402 2785 paene
1415 2707 1595 2783 extinguet,
1619 2725 1677 2768 neo
1692 2705 1776 2767 cibos
1789 2703 1885 2766 babeo
1906 2727 1961 2766 nec
1976 2719 2084 2786 poium
2098 2721 2221 2770 naturus

370 2831 455 2873 meae
466 2804 724 2871 convenientem·

256 3299 290 3362 9,
324 3279 420 3344 Mittit
434 3274 508 3338 Mel.
523 3291 643 3334 carmen
656 3269 693 3331 de
706 3269 830 3328 nomime
843 3263 1024 3347 Margaretb.

324 3394 455 3461 Litbiasi
467 3392 600 3467 laborat,
627 3390 681 3471 qni
694 3384 816 3445 morbus
831 3379 999 3446 Camerario
1018 3405 1140 3468 quoque
1152 3389 1297 3448 molestus
1309 3398 1363 3447 est.
1474 3380 1477 3385 ‘

236 3535 290 3596 10
325 3510 580 3592 Ambergensibns
596 3525 680 3568 snum
696 3503 798 3564 scribit
814 3505 991 3562 sententium
1005 3502 1041 3562 de
1055 3504 1152 3563 iormu
1173 3503 1358 3586 agendorum
1373 3523 1542 3586 mororum,
1570 3528 1661 3592 quum
1677 3508 1887 3596 Witebergnm
1908 3518 2057 3579 miserant.

325 3632 436 3696 Probat
448 3628 634 3708 supphcnum
647 3622 684 3684 de
700 3617 824 3685 Serreto
842 3615 980 3682 Generue
994 3632 1158 3700 sumptum.
1211 3617 1287 3681 Vid.
1302 3627 1393 3683 etium
1410 3645 1457 3705 ep.
1475 3623 1505 3687 d.
1528 3631 1586 3693 10.
1603 3622 1686 3710 Aug

285 3809 289 3819 ,
326 3750 440 3814 Ultima
453 3743 658 3806 Melanthonis
675 3741 764 3820 epist.
782 3736 820 3797 ad
833 3733 928 3798 Mioh.
945 3732 1176 3819 Meienbnrgum
1190 3742 1347 3799 seniorem.

327 3865 453 3932 lacobus
468 3861 608 3942 Rullgm’
630 3859 691 3920 ¹¹⁰⁰
709 3875 811 3916 ¹¹¹0¹²⁸⁰
826 3859 909 3916 '⁹¹¹st
923 3851 1152 3934 Wltebilglms
1177 3860 1285 3918 mimi
1307 3853 1426 3919 ¹Du⁰⁰
1440 3852 1652 3942 Pomtiniae,
1678 3879 1714 3928 nt
1734 3861 1937 3928 Melantbonis
1957 3866 2106 3928 iudicium
2128 3872 2229 3933 audiat

378 3971 415 4030 de
429 3964 638 4029 controversiis
652 3963 686 4020 in
702 3955 835 4019 Ecclesia
848 3952 1042 4017 Pomersuica
1055 3959 1186 4036 agitatis.
1237 3954 1287 4020 cf.
1302 3981 1348 4041 ep·
1367 3964 1424 4027 26·
1443 3955 1515 4024 Oct.

264 4219 296 4279 2.
330 4201 507 4267 Melanthum
522 4195 660 4260 mandata
674 4195 783 4274 accipit
798 4193 833 4251 ab
847 4187 1004 4268 Eiectore,
1031 4203 1066 4251 ut
1077 4211 1108 4251 se
1121 4212 1189 4252 cum
1203 4195 1263 4255 alio
1279 4193 1401 4258 dooere
1414 4187 1568 4279 lipsiensi
1580 4196 1714 4259 conferet
1728 4194 1947 4284 Norinbergsm
1959 4205 1996 4266 ud
2009 4209 2233 4289 componendas

380 4307 425 4365 ibi
440 4301 654 4364 controversias
670 4318 709 4356 ex
726 4292 869 4358 Osiandri
883 4298 1027 4354 sententie
1044 4305 1147 4358 ortus
1230 4318 1234 4327 ·

331 4420 460 4485 Ineunte
475 4419 651 4480 boemones
668 4414 795 4474 moritur
808 4408 903 4472 Mich.
922 4406 1117 4488 Meienburp,
1144 4415 1251 4473 consul
1263 4409 1489 4476 Nnrdbnsanus.

266 4549 300 4612 6.
333 4539 509 4605 Melunthon
523 4534 648 4595 remittit
663 4526 788 4591 Senatui
804 4525 985 4608 Augustsno
998 4529 1183 4610 agendorum
1195 4549 1346 4591 sacrorum
1361 4532 1561 4592 formamsibi
1580 4533 1710 4592 missam

293 4710 300 4728 ,
335 4657 483 4732 Sabinus,
507 4649 712 4715 Melanthonis
728 4667 835 4726 gener,
861 4650 953 4707 estin
970 4642 1135 4708 Academia
1148 4644 1409 4708 Frencofordiena.

267 4787 301 4848 9.
334 4773 512 4840 Melanthon
527 4781 570 4830 est
586 4763 745 4828 Dessariee
760 4763 798 4822 ud
813 4765 1053 4844 componendam
1067 4769 1153 4827 litem
1165 4761 1323 4825 Pastorum
1337 4760 1572 4827 Serrestensium
1587 4764 1625 4826 de
1639 4767 1804 4829 insentibus
1816 4788 1878 4829 non
1894 4773 2059 4852 baptizatis.

245 4902 302 4963 1⁸.
334 4891 512 4958 Melunthon
525 4892 635 4949 iterum
648 4893 692 4944 est
708 4878 913 4960 Witebergue.

243 5014 302 5082 14.
338 5010 483 5094 Queritur
496 5001 692 5077 Melanthos,
720 5001 860 5081 epistolas
875 5017 943 5061 snas
957 5001 1097 5080 intercipi
1109 5019 1127 5059 a
1139 4996 1297 5060 Fiscianis.

201 5137 305 5199 tosti
339 5129 426 5193 lnssu
448 5122 593 5187 Eleutetis
616 5118 812 5201 proficiscitur
828 5113 1065 5198 Norinbergnm,
1091 5115 1252 5178 comitibus
1269 5111 1426 5215 Ioucbimo
1450 5108 1638 5194 Gemernrio,
1663 5114 1839 5179 Alexandro
1857 5116 1981 5199 Alesio,
2007 5120 2152 5227 Mauritio
2169 5126 2240 5190 Hs.

388 5234 471 5311 lingo
487 5237 518 5287 et
531 5221 641 5284 laoobo
656 5216 791 5303 Rungio.

247 5361 305 5429 26
337 5345 454 5412 Diebus
472 5346 640 5413 26-30.
657 5333 864 5422 sepsissent
880 5355 1055 5418 congressus
1068 5331 1299 5417 Theologorum
1313 5329 1550 5412 Norinbsrgse.
