4776 6024
169 362 245 440 671

177 536 222 608 tis
237 544 270 602 et
284 525 474 599 moderatis
492 521 678 594 sententiis
692 522 786 592 bella
802 534 897 594 mota
915 543 1009 606 esse,
1033 517 1165 614 quibus

177 637 247 707 iam
265 645 340 701 toto
357 626 529 700 decennio
544 627 644 697 ardet
663 617 883 709 Germania,
908 622 1044 719 quaesi
1060 619 1166 690 nobis

178 731 321 808 Tereos
344 724 579 813 attraherent,
609 749 683 795 non
699 725 937 795 dubitandum
955 737 1006 794 est
1027 724 1068 792 iii
1081 717 1166 791 Ita-

179 832 273 907 fiam
295 835 380 903 inde
401 851 625 924 processuros
648 851 733 898 esse.
782 822 871 896 Erat
894 838 1010 897 autem
1028 837 1165 894 vestrae

177 935 392 1029 sapientiae,
416 931 576 1003 omnium
593 929 750 1019 gentium
767 928 874 998 saluti
890 926 1084 1010 consulere,
1109 922 1166 994 id·

178 1062 248 1134 que
270 1036 343 1107 fieri
368 1044 522 1125 poterat,
547 1031 595 1116 si,
617 1043 658 1102 ut
672 1029 778 1098 multi
795 1031 969 1122 sapientes
988 1029 1166 1117 guberna-

180 1155 275 1211 tores
300 1160 402 1227 saepe
422 1135 600 1215 fecerunt,
624 1131 818 1224 quaedam,
845 1130 939 1200 utin
962 1129 1066 1200 senili
1086 1149 1166 1198 cor-

181 1266 288 1334 pure,
313 1237 480 1308 leniretis.
532 1234 600 1304 Sed
616 1254 768 1322 agnosco
787 1244 821 1301 et
833 1232 979 1324 deploro
1000 1225 1086 1300 haec
1099 1226 1166 1299 tri-

180 1343 248 1413 stia
281 1340 350 1409 fata
384 1351 579 1428 postremae
610 1348 644 1403 et
670 1332 801 1403 delirae
835 1334 960 1404 mundi
989 1343 1166 1402 senectae:

182 1442 311 1515 Ruunt
326 1453 365 1509 ut
380 1438 479 1506 vides
493 1435 639 1523 imperia
656 1433 693 1502 in
709 1457 791 1503 suas
805 1457 948 1525 poenas.
997 1430 1089 1503 Cum
1103 1455 1168 1501 au.

183 1558 256 1614 tern
278 1564 353 1611 non
374 1538 596 1618 dubitemus,
625 1532 742 1604 Deum
765 1558 846 1603 vere
870 1535 1035 1624 colligere
1056 1547 1168 1603 aeter-

184 1667 267 1714 nam
290 1638 501 1721 Ecclesiam,
533 1658 712 1726 speremus
739 1656 819 1705 eum
846 1635 977 1706 alicubi
1002 1632 1170 1727 reliquias

185 1744 327 1837 piorum
353 1753 517 1810 coetuum
545 1751 580 1807 et
604 1736 786 1807 doctrinae
813 1749 847 1806 et
868 1731 1020 1827 hospitia
1046 1757 1168 1803 eorum

184 1856 406 1915 servaturum
429 1861 513 1909 esse.
563 1833 640 1906 Hac
665 1860 735 1905 una
756 1860 813 1906 me
838 1859 899 1928 spe
927 1849 1103 1920 sustento,
1136 1848 1171 1905 et

741 342 1170 424 EPISTOLARUM
1218 346 1432 425 tinxit.
1485 347 1618 428 1666.
1661 278 1663 283 Α

2128 346 2212 424 ms

1335 515 1391 595 D.
1416 511 1770 620 Christophoro
1794 513 2095 592 Stathmioni
2146 542 2148 547 ’

1217 651 1267 738 S·
1288 667 1334 742 Ι).
1369 665 1448 743 Etsi
1463 671 1711 744 benevolentia
1724 684 1784 742 tua
1798 669 1972 757 delector,
1993 683 2112 742 tamen
2130 691 2213 742 mu·

1215 793 1302 843 nere
1330 774 1426 868 quod
1450 773 1595 861 misisti,
1635 773 1777 845 dolores
1798 766 1888 842 mibi
1915 772 2048 843 multos
2075 784 2214 843 veteres

1216 874 1405 947 renovasti.
1456 871 1607 970 Aspecta
1628 874 1723 946 enim
1739 874 1857 966 genesi
1874 897 1969 959 mea,
1995 872 2152 964 cogitavi
2175 874 2215 945 iii

1216 997 1307 1067 quae
1323 976 1535 1063 certamina,
1560 977 1661 1073 quasi
1677 976 1768 1062 fato,
1793 974 1998 1062 inciderim,
2024 976 2063 1045 in
2078 975 2214 1070 quibit

1218 1076 1282 1147 etsi
1304 1077 1460 1171 quaesivi
1482 1076 1732 1172 explicationes
1753 1074 1952 1171 simplices,
1984 1091 2018 1149 et
2040 1074 2215 1149 discenti-

1218 1178 1284 1248 bus
1304 1180 1428 1260 utiles,
1461 1192 1580 1250 tamen
1602 1180 1817 1271 impedimur
1839 1177 1933 1248 odiis
1955 1192 1988 1250 et
2008 1178 2215 1262 calumniis,

1220 1304 1264 1349 ne
1280 1281 1440 1351 extricari
1457 1283 1629 1376 quaedam
1647 1281 1807 1351 involute
1821 1280 1968 1370 possint.
1999 1278 2095 1352 Haec
2114 1281 2217 1352 vides

1219 1395 1253 1453 et
1276 1381 1315 1475 in
1336 1383 1452 1472 genesi
1477 1381 1678 1473 significari.
1728 1380 1800 1453 Sed
1815 1380 1892 1452 Deo
1909 1383 1972 1476 qui
1995 1406 2077 1452 vere
2096 1396 2216 1452 aeter-

1220 1507 1302 1552 nam
1322 1479 1516 1554 Ecclesiam
1545 1482 1681 1574 colligit
1710 1506 1798 1554 voce
1817 1478 2001 1572 Evangelii
2029 1508 2086 1553 me
2114 1476 2218 1554 comss

1220 1585 1349 1653 mendo
1365 1598 1399 1656 et
1414 1582 1619 1656 Ecclesiam.

1296 1705 1366 1770 Non
1380 1705 1464 1772 Deus
1481 1722 1525 1772 est
1539 1729 1652 1771 numen
1667 1702 1827 1771 tusorum
1841 1726 1958 1770 estsere
1971 1711 2120 1786 clausurn,

1346 1807 1446 1890 Quale
1462 1813 1625 1893 putabatur
1641 1807 1763 1874 Stoicus
1777 1830 1840 1872 esse
1855 1807 1950 1878 Deus.

185 1961 278 2018 recta
307 1943 441 2012 discere
471 1936 633 2009 Iuniores
648 1933 807 2007 'bortorz
841 1937 996 2007 violenta
1021 1936 1170 2006 consilia
1222 1918 1420 2041 Sfdlfflffe
1435 1916 1841 2042 cauffll‘hysstitfflfffi
1856 1933 1983 2012 P⁰1⁰⁸b
2023 1916 2221 2021 1111183118·

185 2044 277 2118 iiibil
304 2045 487 2135 profutura
510 2062 584 2108 esse
602 2039 668 2107 ulli
689 2039 783 2130 parti
803 2061 940 2127 semper
961 2036 1170 2110 existimavi.
1222 2043 1330 2089 ⁸¹³¹&
1353 2022 1495 2113 0111111181
1520 2036 1601 2127 11119
1622 2023 1724 2094 05110
1748 2017 1960 2118 διδθαχμθγ
1985 2046 2153 2108 austum,
2181 2037 2218 2092 ⁸¹

185 2149 293 2238 Quod
316 2140 520 2214 Hugmm„
545 2153 703 2209 amanter
727 2139 914 2219 audivisti,
949 2154 983 2209 et
1005 2140 1115 2207 debeo
1137 2151 1171 2209 eg
1223 2122 1289 2190 tibi
1313 2137 1348 2193 et
1373 2120 1437 2194 toti
1458 2124 1613 2194 familiae
1639 2138 1722 2216 opto
1747 2125 1901 2196 faustam
1926 2137 1960 2195 et
1984 2124 2123 2194 felicem
2148 2148 2220 2193 an·

185 2245 299 2319 babeo
322 2245 388 2317 tibi
407 2243 575 2334 gratiam,
600 2265 640 2309 ac
663 2240 735 2310 scio
750 2253 784 2310 te
805 2241 922 2309 viruin
945 2241 1170 2310 excellentem
1224 2247 1322 2294 ¹¹¹²ffi·
1361 2220 2219 2324 ΜῙῘΙῙ1111ἷῦ8811ΰῖἕναλλαῖἦΡΓθΡῙθΝθῧῖωῖ·

186 2347 358 2454 sapientia
374 2357 407 2415 et
422 2345 553 2413 virtute
569 2365 642 2409 non
660 2342 774 2410 solum
792 2342 971 2433 colloquio
993 2341 1171 2411 bonorum
1224 2321 2087 2416 111011111151101111θῑΜθῆἷῦᾱῗῩῊῐῑῑῦθωΐὛ
2141 2326 2222 2407 Sed

186 2468 217 2521 et
235 2453 420 2518 doctorum
437 2443 613 2525 delectari,
631 2444 691 2512 scd
708 2442 860 2512 libenter
875 2442 924 2512 eis
940 2443 1044 2513 etiam
1063 2444 1171 2512 bene-
1224 2448 1287 2494 010
1302 2424 1435 2496 Filium
1452 2425 1518 2496 Dei
1534 2442 1574 2500 ut
1590 2453 1647 2497 me
1662 2429 1834 2518 gubernet
1849 2443 1885 2500 et
1898 2442 2066 2520 protegat.
2113 2426 2218 2498 Bene

184 2555 309 2619 facere.
361 2547 458 2617 Bene
492 2559 526 2615 et
557 2543 706 2615 feliciter
737 2544 826 2618 vale.
885 2540 1032 2619 Calend.
1068 2542 1172 2615 Febr.
1224 2526 1313 2600 vale·
1364 2525 1431 2598 Die
1450 2528 1486 2602 ⁶·
1511 2529 1618 2603 Febr·
1649 2527 1758 2600 A⁰¹¹⁰
1784 2526 1892 2602 1555·
1944 2529 2085 2618 Quaem
2108 2544 2149 2601 uf
2168 2518 2218 2600 D·

189 2651 298 2725 1556.
1224 2621 1419 2698 Matthaei
1437 2630 1569 2717 filium,
1594 2631 1656 2726 qui
1677 2631 1748 2700 iam
1763 2633 1857 2722 apud
1877 2654 1941 2700 vos
1962 2643 2073 2700 artem
2092 2628 2216 2705 Medi·

1119 2796 1122 2800 e
1225 2752 1302 2798 cain
1318 2743 1471 2810 exercet,
1493 2731 1599 2803 etiarn
1614 2756 1691 2801 mea
1705 2756 1805 2802 causa
1827 2732 2038 2803 familiarius
2054 2733 2219 2824 comple·
2242 2776 2245 2783 ·

1225 2829 1330 2902 ctaris
1349 2847 1383 2902 et
1397 2833 1553 2926 adiuves.
1606 2830 1729 2903 ludico
1743 2833 1781 2901 in
1798 2828 1865 2920 boc
1880 2833 2009 2904 iuvene
2025 2833 2167 2905 bonum
2183 2848 2220 2907 et

1226 2933 1424 3014 modestum
1454 2933 1637 3024 ingenium
1671 2956 1761 3018 esse,
1794 2948 1829 3006 et
1854 2930 2135 3027 pulcherrimum
2164 2948 2225 3034 est·

1021 3040 1056 3099 2·
1073 3014 1190 3092 Febr·b
1224 3027 1313 3112 cotie
1339 3029 1646 3133 συμφιλοσόφους
1667 3030 1853 3127 ὁμονοεῖν.
1913 3033 2049 3107 lterum
2075 3035 2156 3107 vale
2183 3051 2220 3108 et

186 3128 394 3163 ’Ν
1002 3120 1170 3151 “⁹⁴⁹
1224 3134 1386 3205 rescribe.

493 3227 560 3314 Io.
593 3225 858 3312 Mattdeai‘o.

250 3399 333 3473 Epist.
351 3402 399 3458 lib.
414 3401 446 3457 ll.
466 3420 492 3471 p.
507 3401 549 3455 ⁷0.
567 3399 622 3469 (ed.
640 3398 730 3455 hond.
749 3397 798 3453 tit.
812 3395 846 3454 11.
863 3418 908 3471 ep.
921 3399 982 3470 56).

385 3553 440 3631 D.
460 3551 674 3627 Iohanni
697 3551 969 3630 Mnlthesio
1223 3499 1422 3577 N0'59230

1232 3597 1404 3628 W

2036 3507 2222 3586 (in.Febr.)

183 3693 231 3779 S.
256 3703 299 3774 D.
352 3703 560 3776 Revereiide
584 3708 639 3775 vir
657 3720 693 3776 et
712 3701 915 3778 charissime
936 3711 1062 3798 frater,
1095 3713 1171 3785 Hac

182 3801 290 3889 liora,
318 3803 384 3875 Dei
411 3809 600 3886 beneficio,
633 3800 805 3903 Casparo
824 3803 979 3880 Petsccro
1009 3827 1091 3885 nata
1120 3829 1171 3887 est

180 3909 253 3977 lilia
273 3908 387 3991 tertia,
413 3934 453 3977 ex
470 3933 546 3978 mea
562 3908 645 3992 filia,
670 3910 765 3979 salvs
781 3925 904 3986 matre.
940 3909 1018 3985 Oro
1036 3914 1169 3986 Filium

180 4005 250 4078 Dei
270 4013 449 4080 custodem
474 4006 652 4079 Ecclesiae
674 4031 776 4096 suae,
798 4027 838 4082 ut
859 4013 1010 4085 familias
1032 4031 1171 4089 nostras

182 4123 294 4178 servet
312 4125 346 4181 et
361 4113 553 4200 gubernet,
585 4122 619 4180 et
635 4124 736 4182 sanet
747 4114 868 4182 omnia
885 4115 1030 4186 vulnera
1044 4116 1170 4190 Eccle-

1484 3702 1544 3790 11.
1559 3700 1949 3814 Bocmgortiwro.

1291 3861 1377 3917 Eiet.
1394 3861 1442 3918 lib.
1463 3860 1511 3917 Vl.
1536 3881 1563 3937 p.
1581 3862 1632 3916 211
1650 3880 1691 3933 sq.
1716 3893 1751 3905 -
1792 3860 1844 3917 ilic
1866 3879 1897 3914 er
1913 3862 2084 3934 autographo
2105 3864 2137 3919 iri
2156 3867 2217 3923 cod.

1359 3949 1438 3986 onie.
1463 3929 1485 3984 l.
1507 3951 1534 4004 p.
1555 3932 1634 3992 tii..
1658 3929 1736 3986 cuins
1754 3930 1839 3985 fronti
1855 3929 2085 4000 Brumgsrtneriis
2105 3932 2216 3990 adscri-

1327 4000 1393 4081 psit-i
1417 3999 1445 4082 d.
1460 3996 1601 4085 661661.
1622 4016 1671 4072 per
1684 4000 1832 4080 andream.
1867 3997 1965 4052 Editor
1982 3998 2045 4084 libii
2063 4001 2132 4056 serti
2153 4003 2215 4058 iride

1323 4079 1444 4190 6111111ωέΙι
1451 4088 1502 4192 bib
1515 4067 1934 4193 :qtogqusgrqpltqqqioeqsdedffiie
1935 4067 2127 4204 ffers:
2144 4071 2216 4212 bb:

1320 4203 1418 4259 Melsn
1449 4224 1484 4259 on
1497 4206 1530 4260 de
1538 4205 1590 4260 titia
1598 4202 1761 4277 brudgisvii
1774 4204 1871 4288 bibet,
1887 4204 2054 4262 wnfereode
2064 4217 2134 4263 sunt
2148 4225 2215 4279 quis

182 4210 266 4281 siae.
290 4293 292 4297 Ι
316 4206 394 4279 Hoc
408 4235 529 4283 mense
541 4205 734 4283 Dresdam
751 4215 864 4285 vocati
882 4240 1003 4288 suiuus
1018 4221 1062 4289 ad
1078 4220 1167 4291 deli·
1323 4272 1432 4344 scepsis
1444 4273 1473 4328 ,n
1486 4274 1642 4330 mmm
1655 4272 1735 4329 totos
1749 4292 1823 4330 m

181 4308 420 4381 berationeni:
463 4311 523 4381 An
552 4313 598 4383 sit
627 4314 818 4385 indicenda
846 4319 975 4388 nostris
1001 4315 1170 4391 Ecclesiis

180 4412 358 4506 synodus,
383 4427 423 4482 ut
437 4412 541 4484 multi
555 4411 739 4506 Principes
754 4417 925 4507 flagitant.
973 4419 1088 4494 Filius
1101 4421 1169 4492 Dei
1220 4427 1503 4526 Hieronymo
1537 4427 1899 4526 Bomgartnero,
1943 4427 2126 4502 Senaton‘
2160 4434 2216 4502 in-

179 4537 255 4581 eam
280 4512 574 4584 deliberationem
595 4515 777 4602 gubernet.
837 4520 978 4608 Quaeso
1000 4536 1041 4595 ut
1063 4523 1169 4595 nobis
1458 4529 1578 4630 chelae
1604 4531 1706 4605 orbis
1731 4527 1973 4628 Noribergas.

178 4617 310 4685 scribas
327 4615 464 4708 quoties
488 4607 635 4684 babebis
658 4618 869 4695 tabellarios.
921 4622 1019 4694 Bene
1038 4625 1170 4697 etfeli-
1220 4669 1269 4756 S·
1296 4682 1341 4758 D·
1393 4683 1514 4755 Audio
1540 4684 1648 4754 filiam
1678 4675 1923 4778 Landgravit'
1951 4697 2033 4754 ,me
2058 4697 2217 4755 monem

178 4715 264 4783 citer
283 4716 377 4801 vale,
400 4720 436 4793 2.
453 4713 650 4792 Februarii.
1324 4784 1333 4802 ,
1362 4787 1371 4802 ,
1530 4787 1539 4804 ‚
1723 4787 1731 4803 ⁸
2110 4784 2120 4801 ,

1219 4799 1426 4876 expetivisse
1443 4784 1558 4857 Patris
1578 4786 1816 4879 colloquium,
1838 4808 1989 4879 eumque
2011 4807 2075 4875 per
2090 4785 2219 4856 literas

1178 4969 1182 4978 Ι
1220 4909 1369 4956 vocasse.
1420 4885 1489 4958 Sed
1516 4901 1616 4979 pater
1639 4910 1706 4959 suo
1733 4889 1888 4982 quodam
1915 4884 2065 4956 consilio
2088 4886 2219 4956 venire

1168 5029 1173 5038 ·
1220 4988 1408 5073 recusavit,
1430 5012 1469 5060 sc
1486 4988 1593 5060 filiam
1610 5013 1672 5081 per
1684 4990 1804 5059 literas
1818 4989 2020 5058 consolatus
2032 4999 2094 5066 est,
2119 5011 2217 5080 quae

1008 5138 1134 5209 mbr
1219 5113 1299 5158 cum
1325 5090 1542 5180 legerentur,
1577 5091 1751 5181 ingemuit
1776 5090 1857 5174 illa,
1892 5103 1928 5161 et
1952 5101 2092 5159 tantuin
2120 5083 2217 5160 banc

987 5182 1159 5261 «ἐμὲ
1221 5216 1341 5261 vocem
1364 5193 1491 5263 edidit:
1518 5185 1632 5263 Pater
1653 5200 1685 5262 et
1705 5185 1834 5263 Mater
1855 5184 2127 5285 dereliquerunt
2149 5214 2216 5275 iiie,

181 4954 476 4976 Μ
1015 4969 1165 4986 Μ

175 5117 369 5243 uice·

457 5314 570 5433 cpi.
598 5322 892 5416 Stathms'oni‘.

239 5496 323 5570 spui.
341 5498 388 5553 ns.
405 5499 441 5554 u.
459 5517 485 5573 p.
500 5497 561 5554 iss.
582 5501 639 5571 (si.
654 5501 745 5559 tons.
763 5502 857 5563 ituit
875 5526 918 5580 sp.
929 5484 1014 5577 sisi.
1251 5449 1279 5512 ''
1297 5435 1343 5504 ⁶⁰
1357 5446 1555 5504 ⁶⁰⁰³”“‘³⁰''
1570 5445 1631 5502 ³⁸⁸·
1647 5455 1675 5501 ‘⁸
1691 5444 1790 5505 Μ·
1806 5445 1861 5504 ⁵⁰⁸
1880 5460 1956 5501 ⁸¹⁰⁶
1976 5442 2031 5500 ἠ·
2047 5456 2094 5516 ’91
2111 5445 2147 5501 ·1
2165 5442 2213 5501 ῑῑ·

1287 5514 1373 5586 syn..
1390 5515 1419 5571 a.
1437 5515 1465 5570 i.
1482 5515 1564 5571 sinc
1584 5513 1660 5572 isse
