4776 6024
171 370 254 458 ’185
741 371 1182 456 EPISTOLARUM
1232 373 1342 457 LlB.
1368 374 1451 452 ΧΗ.
1504 374 1635 456 1555.
2141 382 2216 465 456

171 547 274 621 diosc
290 548 616 638 obtemperaturum
632 570 716 621 esse.
766 546 874 640 Apud
894 574 961 621 nos
978 549 1016 621 in
1033 548 1174 623 Acade-
1226 557 1306 617 urta
1322 543 1488 635 iocandi,
1513 567 1553 624 ut
1569 550 1700 635 videas,
1726 574 1791 623 noe
1806 551 1843 621 in
1860 550 1918 625 his
1931 554 2081 626 miseriis
2095 569 2213 625 tamen

173 650 266 732 ruia,
294 647 360 719 Dei
378 649 567 734 beneficio,
586 646 701 720 adhuc
724 652 917 723 mediocria
941 654 1173 727 auntdoctri-
1225 653 1509 745 aequabilitatem
1550 651 1679 737 animi,
1724 649 1801 723 Deo
1842 655 2003 741 iuvante,
2049 657 2211 732 retinere.

174 750 386 832 uaestudia,
407 765 441 822 et
458 775 525 821 vor
542 754 723 822 doctrinae
739 754 859 823 eadem
871 778 976 848 quam
993 755 1172 841 audivisti,
1223 750 1336 843 Saepe
1358 754 1453 824 enim
1478 755 1565 826 illud
1595 754 1726 845 cogito:
1761 755 1816 825 illi
1839 758 2113 843 maledicebant,
2147 780 2210 848 ego

172 866 215 929 ut
230 868 265 926 et
277 852 407 945 scripta
422 855 627 927 ostendunt.
680 851 790 925 Mitto
813 852 923 944 igitur
937 850 1169 927 Enarrutr'o-
1222 869 1340 923 antem
1375 859 1531 928 orabam.
1606 853 1705 924 Bene
1738 858 1834 943 vale,
1876 860 2054 930 carissime
2091 862 2209 930 frater.

173 976 256 1025 nem
271 948 490 1025 Salomonis
506 947 554 1047 ').
607 952 833 1027 Audiomihi
849 958 1020 1051 quosdam
1034 959 1168 1031 bellum
1221 956 1283 1029 20.
1304 954 1407 1032 Maii.

173 1056 338 1128 illaturos
352 1050 435 1148 napi
450 1049 615 1154 ἀνάγκης
629 1061 798 1152 στωϊκῆς,
826 1062 923 1152 qnod
937 1059 969 1128 si
983 1062 1170 1147 moverint,
1916 1057 2117 1156 Philippus.

174 1159 314 1243 iudico,
340 1182 397 1226 me
413 1154 489 1227 Deo
512 1173 546 1228 ct
561 1156 740 1229 Ecclesiae
755 1163 885 1230 debere
906 1155 974 1231 hoc
999 1162 1169 1248 officium,

174 1274 216 1333 ul
238 1261 470 1333 deliramenta
498 1263 752 1331 contumeliosa
785 1276 907 1333 contra
931 1260 1047 1334 Deum
1072 1268 1168 1335 refu·

175 1377 262 1435 tem.
312 1355 391 1430 Oro
409 1374 524 1431 autem
542 1361 673 1431 Filium
698 1363 768 1433 Dei
785 1365 985 1433 Dominum
1007 1380 1168 1438 nostrum

176 1458 296 1536 lesum
307 1455 509 1541 Christum,
542 1464 747 1534 crucifixum
767 1489 829 1556 pro
847 1466 952 1536 nobis
967 1480 1001 1538 et
1019 1467 1169 1537 resusci·
1233 1472 1300 1550 No.
1315 1475 1426 1548 5788.
2052 1492 2110 1555 20.
2122 1484 2207 1551 Maii

176 1577 303 1643 tatum,
326 1576 365 1633 ut
380 1586 446 1632 nos
457 1566 641 1655 gubernet.
674 1562 773 1636 Beue
789 1566 875 1636 vale.
908 1565 1167 1642 Diaeumaii.
1223 1570 1434 1604 ”vv
2070 1577 2206 1604 ''⁹''

1509 1679 1623 1796 upa.
1655 1682 1914 1771 Pannonio.

1289 1853 1384 1912 Manlii
1397 1855 1498 1931 famg.
1512 1876 1540 1930 p.
1553 1824 1604 1915 tlt
1616 1880 1659 1935 aq.
1676 1870 1703 1916 et
1718 1859 1805 1932 Epist.
1822 1859 1869 1916 lib.
1883 1860 1919 1915 V.
1937 1878 1962 1933 p.
1973 1861 2025 1917 258
2036 1881 2078 1936 aq.

1398 2022 1753 2132 Chrislophoro
1779 2026 2027 2106 Pannonio

507 2192 636 2280 Iusto
667 2196 839 2284 Mettio,
1219 2185 1269 2274 S·
1296 2197 1340 2272 D.
1371 2196 1575 2271 Clarissime
1589 2200 1663 2286 vir,
1687 2216 1723 2272 et
1735 2194 1942 2271 charissime
1957 2204 2076 2276 frater.
2111 2166 2227 2275 Lm...

243 2350 338 2424 †(Ex
351 2348 519 2422 autographo
536 2352 602 2408 stet.
617 2353 643 2405 in
660 2354 721 2407 cod.
736 2354 833 2410 llamb.
851 2353 996 2424 „litterae
1013 2351 1167 2423 theologor.
1218 2306 1265 2371 d⁰
1296 2302 1462 2421 equidem
1494 2302 1624 2421 studia,
1645 2318 1847 2373 ”mmmm
1883 2305 2119 2425 wdltm'um’·
2142 2308 2205 2400 (lni
2271 2381 2276 2393 ·

279 2439 337 2476 aee.
351 2418 424 2475 xvt.
442 2418 492 2476 tot.
507 2420 625 2490 xvt1.”)
663 2422 722 2493 [0.]
1219 2417 1319 2474 tuum
1340 2401 1547 2473 Ciceronem
1568 2407 1672 2473 avide
1698 2417 1872 2477 emerunt.
1929 2406 2048 2499 Atque
2066 2423 2205 2477 utinam

1217 2519 1290 2577 tam
1305 2506 1409 2574 avide
1427 2506 1545 2594 legant
1561 2517 1595 2575 et
1614 2506 1779 2595 relegant.
1820 2505 1892 2576 sed
1908 2519 2025 2576 umen
2041 2509 2206 2598 optarim,

1218 2618 1251 2677 et
1269 2606 1373 2675 nobis
1391 2606 1527 2700 aliquot
1538 2609 1696 2699 exempla
1710 2607 1828 2678 relicta
1845 2630 1928 2677 esse.
1963 2604 2116 2679 Unicum
2132 2623 2207 2682 erat

1217 2708 1413 2802 reliquum,
1439 2709 1535 2801 qnod
1550 2708 1735 2782 mittimus.
1779 2708 1832 2778 Ac
1847 2707 2040 2798 bibliopola
2054 2699 2205 2781 Ganra-

1218 2803 1288 2879 dcs
1314 2803 1430 2878 adbuc
1455 2808 1598 2901 Lipsiae
1631 2805 1736 2881 habet
1764 2809 1906 2879 circiter
1930 2809 2076 2899 viginti,
2114 2837 2206 2904 quae

177 2899 227 2990 S.
253 2910 299 2982 D.
347 2910 556 2983 Reverende
570 2912 625 2979 vir
642 2924 675 2981 et
693 2910 872 2980 carissime
892 2912 1010 2983 frater.
1053 2908 1167 2979 Valde
1216 2934 1298 2980 curn
1324 2911 1430 2980 allata
1451 2909 1605 2995 fuerint,
1638 2911 1704 2979 tibi
1728 2912 1921 2985 mittemus.
1973 2911 2205 2985 investibulo

176 3029 333 3106 optarem
352 3010 523 3083 Ecclesias
541 3011 944 3107 mediocriaflalcyonia
959 3012 1111 3081 retinere
1129 3012 1167 3079 in
1216 3026 1270 3083 est
1284 3011 1432 3104 epistola
1445 3014 1489 3081 ad
1508 3001 1762 3082 Cosciclicc‘tcm
1778 3027 1842 3084 tuo
1855 3012 2035 3083 nominee
2050 3038 2106 3085 me
2118 3016 2207 3085 scri-

175 2552 390 2631 Rccerendo
410 2556 506 2642 viro,
531 2553 734 2627 eruditione
757 2567 789 2627 ct
812 2556 940 2628 virtute
957 2558 1171 2655 praestanti

175 2658 237 2740 Ι).
257 2657 285 2731 I
292 2669 398 2747 ustox
418 2656 470 2730 M
475 2658 595 2738 onio,
634 2659 783 2756 pastori
807 2657 998 2729 Ecclesiae
1023 2658 1102 2732 Dei
1127 2662 1167 2733 in

324 2760 411 2833 urbe
426 2755 573 2847 Gotho,
591 2759 720 2860 fratri
731 2787 798 2830 suo
815 2760 1018 2838 carissimo.

176 3113 234 3186 bis
251 3115 454 3206 regionibus
471 3130 503 3184 et
526 3116 613 3184 utile
633 3128 707 3184 erat
724 3129 845 3184 contra
862 3116 1079 3183 adversarios
1101 3136 1168 3182 nos
1216 3127 1295 3206 pta,
1320 3137 1427 3209 quam
1442 3138 1490 3184 an
1504 3114 1655 3198 videris,
1680 3116 1809 3188 nescio.
1853 3110 1998 3185 Rectius
2013 3129 2112 3201 esset,
2139 3141 2205 3187 no-
2308 3166 2320 3177 ,

178 3219 278 3288 velut
304 3220 589 3315 uvyzoeopqi,
625 3220 794 3310 quasdam
826 3217 1040 3287 offensiones
1062 3216 1167 3285 dissi-
1216 3231 1323 3286 stram
1351 3217 1507 3286 ieiunam
1532 3216 1783 3308 praefationem
1812 3238 1885 3284 non
1914 3238 1989 3287 esse
2018 3218 2205 3308 praefixam

177 3320 323 3394 molare.
376 3318 450 3388 llac
478 3314 563 3388 hora
589 3344 629 3387 ex
652 3310 781 3410 Progo
806 3320 936 3388 litteras
960 3318 1095 3409 accepi,
1129 3317 1166 3385 in
1218 3334 1297 3388 tuae
1319 3317 1534 3397 narrationi,
1567 3343 1647 3389 cum
1677 3340 1753 3388 non
1770 3318 1898 3387 referat
1922 3331 2005 3388 tuae
2033 3319 2204 3388 orationis

178 3423 310 3515 quibus
329 3422 545 3509 significatur
566 3420 616 3487 ibi
636 3422 807 3512 quosdam
824 3416 849 3512 ¹)
872 3420 907 3485 in
934 3418 1168 3488 concionibus
1216 3420 1380 3489 nitorem.
1432 3415 1480 3486 Et
1501 3419 1684 3487 volueram
1705 3444 1724 3487 a
1750 3435 1785 3487 te
1804 3416 1903 3506 prius
1924 3418 2045 3488 omnia
2066 3419 2204 3511 inspici.

177 3524 384 3604 vociferari,
411 3523 490 3588 ideo
510 3519 660 3613 Mariam
678 3535 713 3588 rt
728 3520 816 3587 alios
830 3514 993 3587 homines
1014 3519 1052 3585 in
1069 3517 1167 3585 coelo
1216 3519 1285 3587 Sed
1301 3512 1497 3600 Pccaccrcs,
1521 3531 1559 3585 ut
1575 3519 1723 3606 opinor,
1750 3511 1969 3609 typographo
1984 3514 2123 3591 chartas
2136 3517 2210 3591 mi-¹

175 3625 336 3692 viventes
352 3623 570 3689 invocandos
584 3637 674 3702 esse,
696 3621 778 3710 quia
792 3619 886 3689 filius
902 3644 975 3686 raon
991 3619 1038 3687 sit
1056 3619 1167 3685 inter·
1216 3617 1301 3687 sita
1323 3631 1357 3686 te
1380 3640 1453 3684 non
1476 3617 1663 3707 inspectas,
1712 3615 1818 3687 Mitto
1836 3616 1904 3687 tibi
1923 3618 2110 3707 epistolam
2125 3646 2204 3692 meo

177 3746 296 3794 cessor
317 3746 355 3790 ac
378 3734 514 3791 tantum
538 3722 758 3788 invocandus
773 3721 823 3790 sit
841 3733 880 3789 ut
901 3732 1015 3810 patcr;
1041 3719 1167 3789 omitto
1215 3718 1361 3787 nomine
1381 3717 1545 3807 scriptam
1560 3710 1602 3812 *)
1625 3719 1669 3786 ad
1694 3707 1976 3804 Cosciclicium,
2003 3743 2108 3813 quam
2135 3722 2205 3812 legi

177 3826 259 3898 alia.
311 3821 492 3893 Adversus
507 3823 630 3893 talium
650 3816 805 3890 hostium
824 3822 957 3890 rabiem
973 3841 1039 3889 nos
1059 3844 1168 3910 opor-
1216 3847 1235 3888 a
1257 3832 1291 3889 tc
1314 3820 1415 3902 volo,
1440 3842 1498 3903 ac,
1522 3819 1553 3889 si
1574 3820 1768 3905 iudicabis,
1794 3819 2002 3892 mittendam
2025 3823 2081 3891 vel
2104 3818 2205 3893 erhi-

176 3940 227 3997 tet
241 3926 526 3996 coniunctionem
545 3937 702 3993 nostram
718 3924 831 4008 tueri,
863 3948 975 4016 coque
997 3916 1167 3993 hactenus
1216 3923 1371 3992 hendam
1393 3943 1484 4005 esse,
1507 3920 1722 4012 obsignabis.
1774 3921 1883 3992 Mitto
1904 3935 1940 3991 et
1963 3924 2132 4014 pagellas,
2162 3926 2205 3997 'iu

176 4029 371 4099 multorum
402 4028 594 4098 virulentas
634 4025 829 4095 calumnias
867 4025 1021 4096 refutare
1055 4024 1167 4097 nolui.
1216 4022 1346 4117 quibua
1362 4037 1414 4094 est
1436 4024 1604 4114 praelatio
1618 4047 1696 4095 mea
1708 4017 1792 4118 περὶ
1813 4019 2052 4119 εὐτραπελίας
2070 4037 2106 4096 et
2126 4023 2204 4120 Hy-

178 4130 249 4202 Sed
267 4156 346 4199 cum
364 4144 482 4220 aperte
499 4125 586 4197 mihi
604 4129 738 4198 bellum
751 4131 796 4196 de
809 4153 847 4197 re
861 4146 987 4218 magna
1004 4126 1168 4210 inferent,
1217 4126 1331 4195 menei
1362 4148 1515 4195 carmen.
1569 4121 1669 4195 Bene
1701 4126 1797 4209 vale,
1836 4136 1872 4195 ct
1904 4127 2068 4202 rescribe.
2135 4125 2208 4209 Die,

177 4232 253 4304 Deo
275 4233 437 4314 iuvante,
471 4255 545 4299 non
570 4232 756 4299 defuturus
780 4253 858 4298 sum
888 4228 1038 4300 veritati.
1094 4226 1168 4298 Nec
1215 4225 1401 4301 20.·Maii.
1452 4223 1561 4297 Anno
1590 4221 1724 4299 Christi
1749 4219 1846 4299 1565
1862 4217 1934 4319 ”).

177 4335 335 4425 profecto
352 4346 410 4401 ant
425 4332 682 4401 coniurationis
703 4332 913 4423 potentiam,
939 4346 1001 4402 aut
1021 4331 1169 4421 adplau-

176 4458 254 4519 rus,
280 4457 368 4528 quos
384 4434 422 4500 in
440 4434 538 4514 aulis
545 4429 695 4514 habent,
719 4447 851 4508 metuo.
901 4430 1063 4502 Ventura
1082 4431 1168 4499 ecli-

176 4538 252 4632 psis
283 4535 469 4603 denuntiat
499 4534 581 4604 talia
611 4536 814 4609 certamina.
874 4533 944 4605 Sed
970 4533 1069 4622 sigua
1099 4532 1168 4602 alia
1774 4590 1781 4611 ,.

176 4652 262 4709 aunt
283 4637 488 4719 illustriora,
514 4634 659 4704 Cainica
673 4636 844 4706 acerbitas
856 4635 950 4718 odii,
976 4633 1168 4726 petulantia
1216 4629 1282 4701 No.
1299 4625 1413 4705 5789.
1972 4695 1976 4703 .
2029 4638 2206 4713 ‚antina

178 4739 405 4830 ingeniorum
430 4752 462 4807 et
494 4737 632 4806 inscitia
657 4738 869 4823 multorum;
904 4730 993 4829 ἡδὲ
1017 4730 1169 4828 ἀμαθία
1226 4723 1397 4753 “⁶'‘
2057 4730 2194 4759 ’Ν

179 4839 316 4922 θίασος
335 4833 579 4937 ἀπεργάζεται
597 4834 639 4931 ²).
689 4836 798 4909 Mitto
821 4840 886 4908 tibi
905 4838 1067 4909 libellum
1081 4833 1111 4934 ³)
1127 4829 1169 4905 dc
1427 4827 1672 4943 Philippo,
1701 4778 1909 4937 Londgt‘.
1937 4782 2000 4914 ll

185 4993 404 5008 Ἣ

1285 5003 1309 5074 †
1326 5001 1365 5056 Er
1378 5010 1545 5129 aalma:
1558 4998 1693 5058 Melanch.
1705 4999 1734 5053 iu
1748 4997 1844 5056 Tasat
1858 4998 2055 5083 Elocts'linml.
2070 5006 2207 5083 descripta

214 5074 244 5144 *)
269 5071 441 5144 „Explicatio
466 5073 679 5144 proverbiorum
707 5069 889 5128 salomonia?
925 5071 1015 5128 Vileb.
1038 5070 1113 5128 1555.
1142 5074 1170 5130 8.
1321 5073 1355 5124 0lt
1371 5072 1414 5128 lll.
1533 5073 1598 5133 ullo.
1859 5100 1863 5107 ν

248 5143 372 5196 Primum
386 5144 524 5213 prodierat
536 5145 582 5198 lais
594 5144 665 5196 liber
679 5161 702 5198 a.
717 5142 794 5197 1551.

216 5229 247 5298 1)
266 5228 414 5282 canisium.
465 5290 468 5295 q
793 5274 797 5281 .
874 5278 877 5289 ,
1056 5276 1059 5281 ,
1156 5260 1172 5295 .:
1228 5222 1438 5241 *⁸*-
1496 5222 1530 5235 ''

213 5311 243 5377 'l
252 5311 328 5434 12¹5*AE
331 5315 395 5363 ‘¹⁰⁸³
415 5312 481 5366 hm
497 5310 632 5368 videm
670 5304 986 5379 ef'‘pl⁸¹'⁸ffib5⁰m
1000 5302 1171 5377 “imm''
1202 5300 1205 5307 Ι
1234 5324 1283 5424 ΙΦ)
1303 5299 1364 5407 Vid.
1376 5368 1418 5422 ap.
1432 5349 1460 5404 d
1476 5354 1499 5404 1
1509 5310 1595 5403 15115.
1619 5300 2113 5421 vlteriiliii³apiacols3nsdatatim
2129 5355 2210 5415 missa
2326 5358 2332 5369 '

215 5464 245 5525 5)
265 5464 404 5519 uocemue
423 5465 501 5519 Delli
506 5502 515 5522 s
543 5462 586 5521 cui
611 5461 760 5535 penemiasa
786 5469 827 5517 est
853 5458 965 5533 praelat.
985 5458 1120 5516 Metaon.
1139 5458 1174 5514 de
1290 5423 1337 5477 ”d
1352 5439 1436 5492 ΜΨ
1455 5421 1488 5473 'd
1505 5424 1529 5475 ι’
1545 5419 1607 5474 1⁰⁰⁹
1620 5426 1724 5532 mm?
1737 5434 1802 5470 Μ’
1877 5530 1883 5537 1

251 5531 428 5601 circadalia.
1257 5527 1305 5599 ”J
1324 5512 1829 5665 saus..15⁵t.,t1;n¹t.paenmltpt.
1852 5528 1956 5585 tm}
1998 5532 2038 5593 .,t.
2066 5550 2129 5597 «-³.;
2166 5544 2176 5561 r
