4776 6024
172 229 220 301 71
748 207 1183 288 aals‘ronattust
1236 203 1340 281 [ΑΒ.
1364 202 1451 283 xlt.
1505 200 1637 281 1663·
2151 210 2204 284 n

176 401 308 470 dicere:
330 387 548 490 μωμήσεταί
564 414 620 472 τις
631 382 817 483 dinarii
835 379 1045 481 μιμήσεται.
1097 378 1164 450 Vi·
1216 366 1436 449 litieraliores
1452 376 1544 447 serre
1558 399 1670 467 posse,
1686 374 1794 470 idque
1805 375 1882 447 lieri
1897 373 1978 446 sine
1992 373 2210 453 detrimento

178 501 295 571 cissim
313 500 377 567 tibi
394 498 498 566 mitto
519 495 778 587 qualescunque
799 512 921 558 versus
937 489 982 556 de
999 482 1166 555 Erasmo
1216 481 1272 549 sui
1290 478 1507 569 patrimonii.
1556 475 1629 547 Nec
1652 472 1742 547 mihi
1764 478 1847 547 satis
1869 479 2050 550 constabat
2074 480 2120 549 de
2142 505 2211 550 vo-

179 590 452 671 Mathemotico
468 589 523 692 *),
548 596 588 663 in
605 593 735 687 quibus
754 604 805 661 est
823 583 1011 659 [oachimi
1023 608 1165 657 carmen
1216 582 1353 650 luntatc
1383 592 1570 670 parentum
1602 579 1640 646 in
1669 577 1838 649 iaciendis
1869 580 2084 670 sumptibus3
2119 580 2211 653 alias

180 698 316 771 erudite
334 698 505 787 scriptum
522 710 555 766 et
573 696 759 783 eleganter.
810 690 935 762 Meum
959 701 1011 759 est
1033 687 1167 779 squali·
1217 680 1363 749 minime
1391 701 1512 771 passus
1532 678 1699 764 fuissem,
1729 692 1770 749 ut
1794 679 1888 769 apud
1911 673 2008 750 hunc
2031 676 2212 773 hospitem

179 804 276 870 ditm.
310 797 382 868 Sed
399 793 486 867 haec
500 797 628 878 scribo,
652 809 692 865 ut
706 795 794 862 alios
810 793 969 864 invitem.
1002 784 1167 876 Agnosco
1218 781 1391 851 victitaret
1404 804 1443 850 ac
1458 779 1732 873 suppellectilem
1754 779 1931 849 librorum
1954 781 2037 850 satis
2054 781 2212 874 amplam

179 901 276 971 enim
292 898 643 968 infirmitatem'meae
661 909 826 975 naturae,
850 907 900 976 et,
925 889 1056 982 siquid
1079 898 1168 956 esset
1220 894 1370 973 pararet.
1422 879 1603 975 Quicquid
1616 893 1735 952 autem
1752 894 1822 966 est,
1845 894 2071 972 sumptuum,
2093 877 2160 954 hos
2174 898 2211 956 et

179 1001 328 1091 ingenii,
342 999 559 1088 extinguitur
572 998 611 1064 in
625 992 681 1064 his
698 995 882 1064 doloribus
896 1006 930 1062 et
944 991 1040 1060 rixis.
1065 987 1169 1057 Nun·
1220 982 1434 1052 necessarios
1451 996 1485 1053 et
1499 977 1666 1051 honestos
1683 980 1789 1050 fuisse
1805 1004 1923 1072 spero,
1938 977 2100 1076 mihique
2115 996 2211 1055 certe

181 1104 255 1184 cio,
281 1101 365 1193 qnia
383 1097 451 1170 huc
469 1098 648 1168 rediturus
658 1109 733 1181 est,
758 1094 893 1186 aliquid
908 1094 1090 1162 literarum
1106 1091 1169 1158 da·
1220 1086 1432 1174 persuadeo,
1454 1106 1490 1153 se
1505 1077 1598 1153 hanc
1613 1082 1784 1152 iacturam
1804 1094 1838 1151 et
1851 1082 2034 1173 diligentia
2054 1098 2087 1155 et
2103 1086 2212 1185 sedu-

185 1203 252 1275 his.
303 1197 400 1268 Bene
422 1214 457 1270 et
471 1199 620 1268 feliciter
636 1197 725 1270 vale.
774 1192 842 1263 Die
858 1192 980 1264 Martii
996 1184 1068 1284 **).
1220 1186 1320 1256 litate
1353 1208 1393 1253 ac
1431 1184 1599 1276 parcitate
1637 1182 1740 1253 facile
1778 1197 2085 1273 compensaturum
2123 1209 2212 1259 esse.

921 1288 1121 1383 Philippus.
1222 1282 1342 1374 Quare
1367 1284 1497 1373 iterum
1519 1306 1623 1375 rogo,
1647 1295 1688 1355 ut
1710 1284 1786 1353 eius
1808 1284 2049 1355 delensionem
2065 1283 2213 1377 Magni,-

289 1402 495 1480 Valmffm
523 1421 557 1476 01
581 1405 726 1476 caeleri,
748 1402 870 1473 amici,
899 1402 1047 1473 ,alutem
1075 1413 1171 1490 0910,
1222 1384 1360 1455 licentia
1377 1382 1458 1456 Tua
1476 1384 1655 1477 suscipiat.
1704 1382 1875 1455 Versatur
1891 1378 1950 1456 hic
1971 1387 2103 1478 optima
2128 1410 2212 1457 cum
2246 1380 2251 1389 ⁵

233 1503 288 1577 Ac
309 1532 372 1577 010
395 1506 507 1576 filium
522 1503 608 1592 neq,
633 1520 674 1577 ut
695 1529 759 1575 νος
782 1526 906 1574 omne,
922 1517 956 1574 et
979 1516 1087 1573 totam
1109 1524 1171 1571 m.
1222 1510 1283 1576 spe
1298 1486 1335 1554 in
1353 1480 1410 1554 his
1423 1487 1577 1568 artibus,
1603 1486 1747 1579 qnaead
1764 1479 2019 1557 humanitatem
2033 1499 2067 1559 et
2089 1488 2212 1561 cultu·

237 1609 318 1678 hcm
339 1621 509 1701 protegat.
1224 1611 1299 1654 ram
1315 1586 1448 1676 ingenii
1462 1587 1612 1657 maxime
1624 1586 1841 1670 conducunt,
1856 1585 2038 1680 inquibus
2049 1611 2108 1657 eos
2123 1613 2213 1681 pro-

1224 1710 1361 1777 gressus
1375 1688 1473 1772 iecit,
1498 1701 1538 1757 ut
1554 1711 1670 1781 neque
1685 1710 1811 1779 operae
1825 1710 1940 1780 neque
1962 1687 2102 1778 expensi
2124 1712 2212 1759 eum

184 1818 1172 1842 ———--—---—··—--——--·-·—-—--—-
1225 1789 1406 1879 poenitcre
1427 1788 1553 1880 possit3
1588 1800 1624 1858 et
1650 1810 1772 1880 spero,
1808 1810 1926 1856 mores
1955 1800 1989 1859 et
2011 1788 2213 1859 doctrinam

571 1952 574 1958 .
1225 1883 1393 1958 Martini
1405 1890 1570 1960 omnibus
1583 1888 1689 1959 bonis
1703 1902 1739 1958 et
1751 1883 1908 1959 honestis
1924 1888 2080 1981 probari.
2110 1887 2212 1960 Tan-

187 1967 382 2097 Q·
1029 1970 1174 2088 Q
1224 2002 1260 2058 ta
1277 1991 1380 2057 etiam
1403 2003 1455 2060 est
1471 1990 1601 2060 virtute
1624 2002 1660 2059 et
1680 1989 1922 2059 moderatione
1944 1991 2144 2081 praeditus,
2171 2004 2213 2062 ut

1226 2090 1386 2159 beneficii
1410 2092 1464 2161 toi
1494 2090 1698 2161 memoriam
1723 2113 1860 2161 summa
1885 2114 1967 2159 cum
1995 2090 2214 2181 gratitudine

613 2150 668 2236 Ν·
696 2150 750 2235 Ν·
1227 2205 1428 2260 servaturus
1449 2191 1505 2264 sit.
1555 2187 1738 2261 Postremo
1761 2204 1860 2281 peto,
1882 2203 1923 2261 ut
1942 2183 2006 2261 has
2020 2216 2114 2263 meas
2130 2191 2213 2262 lite-

255 2312 334 2384 γει
351 2330 444 2385 apogr.
463 2310 491 2365 in
513 2311 575 2369 cod.
594 2310 751 2367 Metalli.
777 2329 804 2393 p.
816 2310 878 2365 209.
895 2339 931 2354 -
965 2310 1173 2381 Subscrtpuone
1226 2315 1283 2361 ras
1298 2290 1351 2364 M.
1368 2291 1412 2362 Τ.
1428 2291 1710 2376 boniconsulat,
1733 2316 1772 2362 ac
1787 2315 2000 2387 mequoque
2020 2292 2114 2364 inter
2132 2305 2212 2363 stu·

293 2379 403 2452 quidem
424 2390 512 2448 caret,
533 2382 580 2434 scd
600 2379 698 2450 legitur
714 2382 803 2434 media
821 2379 893 2436 inter
912 2381 979 2436 Met.
1001 2401 1014 2432 e
1037 2382 1128 2432 istolas
1147 2390 1173 2433 ct
1227 2393 1344 2461 diosus
1376 2393 1551 2463 bonarum
1590 2392 1720 2463 mium
1753 2394 2036 2463 commendatum
2073 2389 2212 2468 bahem.

287 2450 679 2590 ppiqqpnapipgpsplriipngqeeq
692 2458 867 2574 'iiiiiirion
881 2468 931 2504 ⁸⁰⁰
944 2451 990 2503 sed
1004 2400 1130 2515 alterius,
1148 2457 1173 2501 ει
1226 2491 1323 2561 Bene
1339 2518 1378 2562 ac
1393 2494 1541 2564 feliciter
1555 2494 1669 2565 valeat
1682 2490 1736 2567 M.
1746 2491 1790 2563 T.
1822 2488 1931 2565 Anno
1945 2494 2083 2566 domini
2101 2488 2212 2570 15⁵3.

1226 2590 1262 2668 4.
1276 2588 1422 2667 Calend.
1436 2594 1538 2671 Maii.

597 2667 664 2764 <m
687 2668 759 2767 Ν)

187 2810 338 2893 Nobilis
353 2842 394 2890 ac
407 2821 588 2909 magnifice
609 2821 763 2892 domine.
813 2816 892 2889 Etsi
915 2813 1005 2885 mihi
1023 2839 1174 2904 occupa·
1923 2888 1929 2899 ‚

187 2924 302 2992 tiones
315 2936 397 2991 tuae
412 2943 486 2989 non
500 2933 582 2989 sunt
603 2920 753 3008 ignotae,
778 2933 896 2989 tamen
913 2920 1044 3006 petenti
1059 2913 1173 2984 Mar·
1225 2928 1292 3003 No,
1310 2924 1423 2999 5372,
2060 2945 2118 3007 ῃ.
2130 2933 2211 3019 apr.

189 3019 266 3089 tino
284 3022 401 3089 literas
415 3022 457 3088 ad
474 3033 507 3089 te
524 3042 597 3087 non
612 3019 747 3089 invitus
761 3019 863 3101 dedi,
888 3031 923 3086 et
940 3029 981 3085 ut
994 3009 1174 3087 Marts'no
1231 3023 1403 3056 Μ

188 3134 326 3211 gratum
341 3121 508 3203 facerem,
532 3134 566 3190 et
582 3133 623 3190 ut
641 3143 697 3187 me
719 3113 784 3188 hac
801 3118 982 3187 occasione
998 3118 1037 3185 in
1051 3116 1173 3185 amici·
1513 3106 1597 3195 Pla,
1622 3106 1922 3221 Gluempim,

188 3222 276 3292 tiam
296 3221 513 3337 insinuarem
542 3232 637 3287 tuam
647 3244 656 3304 ;
692 3243 844 3337 quorum
867 3218 1017 3336 alterum
1035 3216 1172 3336 iudica-
1290 3263 1312 3335 †
1331 3262 2033 3335 &apograptotneodGoetptu.iotot.nom.11.
2049 3264 2208 3335 ΝΜ,

187 3324 270 3392 ham
286 3322 439 3391 officinm
456 3344 528 3388 esse
543 3343 774 3389 necessarium
792 3342 866 3387 non
881 3332 1045 3410 petrtrom
1061 3331 1171 3388 austae
1323 3333 1372 3387 obi
1393 3334 1422 3388 iu
1442 3332 1496 3385 fine
1516 3333 1550 3387 at
1571 3348 1622 3401 eo,
1646 3336 1693 3406 qut
1711 3333 1854 3405 epistotam
1869 3332 2026 3403 senipeta.
2041 3333 2210 3391 addicemus

187 3425 325 3502 deesse,
368 3423 517 3491 alterum
560 3444 643 3489 vcro
682 3414 773 3489 mihi
813 3421 1069 3510 optatissimum
1110 3431 1171 3492 est.
1325 3400 1409 3458 Μ*
1426 3404 1665 3471 ‘mmihi

188 3521 343 3610 Questus
368 3536 418 3590 est
446 3517 537 3589 mihi
562 3516 763 3590 Martinus
791 3521 881 3590 istuc
903 3521 1021 3591 nescio
1042 3521 1172 3613 quibus

186 3622 374 3692 calumniis
396 3622 600 3691 invidorum
632 3622 781 3692 alienari
810 3645 829 3690 a
855 3645 891 3692 se
917 3634 1104 3714 parentum
1138 3633 1172 3690 et
1508 3704 1513 3711 .

181 3721 380 3792 'amicorum
404 3722 540 3791 animos
560 3737 665 3817 atque
685 3724 814 3792 ineam
831 3706 1066 3815 adspicionem
1082 3721 1171 3813 rapi,
1223 3691 1320 3779 cum
1342 3704 1523 3778 Videam!
1538 3730 1644 3800 quam
1664 3704 1736 3776 ⁸3⁰1
1758 3704 1897 3774 infirma
1916 3703 2056 3823 mulas
2088 3718 2210 3823 lflssfa·

143 3858 154 3883 s
187 3824 250 3918 qui
271 3847 385 3916 neque
408 3823 562 3893 officium
585 3846 689 3894 suum
703 3836 912 3915 praestaret,
937 3846 1002 3892 nec
1020 3822 1171 3914 sumpti..
1222 3829 1301 3874 mus
1323 3802 1415 3876 liant
1435 3830 1552 3876 veram
1571 3807 1865 3891 consoldllonem,
1890 3807 1986 3901 quoii
2009 3808 2088 3875 adeo
2112 3807 2209 3877 filtud

84 3932 88 3943 .
185 3925 352 3995 bugum,
369 3918 427 3994 hic
449 3938 621 4016 parcerem
648 3949 716 4019 qua
732 3924 854 4016 iniqua
872 3922 1093 3994 accusatione
1112 3923 1166 3990 ῃῑ.
1222 3903 1289 3975 Dei
1300 3930 1449 4024 massam
1464 3908 1577 3977 nostri
1591 3907 1729 3998 generis
1748 3908 1937 3988 adsumsit,
1963 3920 2003 3977 ut
2023 3928 2089 3976 nos
2104 3905 2209 4000 quasi

188 4023 258 4109 hil,
289 4027 357 4106 ait,
388 4026 457 4095 sihi
480 4026 615 4096 tristius
637 4024 793 4096 accidere
813 4048 932 4116 posse,
964 4023 1170 4115 praesertim
1222 4008 1265 4075 de
1289 4007 1399 4097 {9⁸¹¹ss
1431 4009 1564 4078 cervice
1594 4011 1785 4099 pendentes
1811 4021 1920 4097 getici
1949 4032 1990 4077 ac
2023 4020 2208 4085 sustentet·

186 4126 270 4220 quia
303 4126 343 4192 in
376 4150 446 4217 quo
481 4140 681 4207 accusatur,
714 4126 817 4216 culpa
846 4149 884 4194 se
915 4147 1040 4196 vacare
1072 4124 1171 4194 dicit,
1221 4106 1390 4178 Nominat
1406 4131 1486 4178 eom
1500 4105 1697 4201 patriarcha
1713 4100 1959 4194 IacobSiloh,
1982 4109 2078 4202 quod
2091 4106 2208 4198 signi-

187 4228 307 4314 Quare
322 4219 548 4297 vehementer
564 4241 659 4313 orat,
680 4240 720 4297 ut
739 4227 926 4297 autoritate
946 4240 1007 4297 tua
1030 4225 1171 4309 efficias,
1220 4209 1300 4326 fissfftl
1321 4209 1475 4331 fotum),
1501 4212 1562 4304 qui
1580 4223 1632 4280 ‘Sl
1653 4209 1779 4327 “Utilis
1800 4209 2002 4301 Pelllffllttsss
2024 4232 2115 4301 ‘1⁰²⁰
2136 4230 2207 4278 ¹¹⁰·

184 4340 226 4397 ut
250 4338 411 4417 parentes
431 4339 465 4397 et
489 4329 615 4396 caeteri
635 4328 740 4397 amici
751 4328 825 4424 ⁸ipsi
842 4328 927 4397 fiant
950 4326 1169 4418 placatiores,
1221 4325 1377 4379 mmalur
1403 4336 1551 4406 xoptoa‘,
1592 4333 1683 4404 ¹11¹st
1715 4311 1835 4381 muttit
1859 4311 1991 4381 foetum
2024 4311 2063 4378 5¹1
2089 4321 2206 4385 utero.

186 4441 220 4497 et
240 4425 442 4521 aequiores,
468 4439 503 4496 et
525 4440 566 4497 ut
580 4431 746 4498 adversus
766 4431 915 4500 iniustas
932 4428 1168 4499 accusationes
1221 4409 1319 4499 QUld
1343 4425 1459 4480 ²¹¹1¹⁰¹1¹
1486 4428 1537 4485 0⁵1
1559 4412 1719 4501 frailliffl
1741 4412 1804 4482 ¹2¹5
1823 4405 1967 4508 κθθῖφῗ
2016 4408 2086 4480 Sed
2108 4409 2207 4481 filim

184 4540 321 4617 tegatur
343 4551 384 4596 ac
405 4528 625 4602 defendatur,
675 4528 758 4600 Fuit
782 4525 841 4600 hic
865 4531 960 4622 apud
983 4524 1168 4620 hospitem,
1219 4510 1286 4581 Dei
1300 4511 1425 4583 tribuit
1441 4514 1473 4583 ei
1489 4515 1595 4584 vitam
1612 4527 1717 4605 atque
1732 4512 1779 4582 ita
1794 4536 1859 4582 nos
1877 4534 2018 4606 quoque
2032 4524 2146 4581 servat
2167 4523 2205 4582 et

183 4622 451 4721 quiesthomo
474 4629 579 4721 paulo
605 4631 772 4701 attentior
794 4634 838 4699 ad
862 4656 953 4712 rem,
980 4631 1042 4723 qui
1065 4654 1107 4698 ex
1129 4652 1167 4697 re
1219 4613 1312 4682 5⁰¹⁰!
1337 4607 1400 4681 his
1422 4614 1652 4705 immitium
1677 4614 1802 4685 mim
1825 4611 2108 4684 ⁵⁰²V³bli¹l⁰l³ffl
2129 4607 2204 4682 EC·

182 4729 289 4798 etiam
304 4730 451 4801 minima
467 4754 528 4801 sua
545 4732 681 4824 quaerit
702 4733 897 4805 commoda.
945 4727 1168 4801 Existimavit
1219 4714 1371 4785 clt'slaffl·
2213 4804 2216 4809 ,

183 4830 213 4899 ig
236 4830 398 4913 fortasse,
429 4834 611 4907 facultates
634 4831 785 4902 Martini
806 4845 967 4924 sumptu,
989 4877 1166 4905 ······
1320 4813 1449 4895 DOlGO,
1478 4813 1544 4882 [lbi
1575 4816 1736 4884 accedere
1758 4815 1803 4887 ad
1825 4813 1912 4883 allos
1935 4812 2074 4882 dolores
2094 4811 2204 4885 ellam

1218 4913 1401 4983 occulorum
1416 4914 1599 4995 morbum,
1622 4938 1727 5009 quem
1748 4914 1854 4985 audio
1877 4913 2059 4993 curatione
2074 4912 2211 4984 insulsi·

1216 5013 1376 5105 empirici
1397 5028 1635 5106 exasperatum
1661 5040 1745 5089 esse.
1795 5012 1915 5085 Habes
1939 5012 1980 5087 in
2001 5012 2132 5085 vicinia
2160 5013 2202 5084 in

215 5123 246 5189 *)
265 5121 376 5177 hasmo
399 5123 570 5193 asinando,
593 5123 716 5179 Proteo.
736 5122 871 5179 Martem.
892 5123 920 5178 tn
943 5122 1028 5179 aest.
1041 5120 1166 5195 witeb,
1216 5114 1347 5186 Salinis
1368 5117 1542 5186 medicum
1558 5109 1774 5214 Philippum
1793 5110 2071 5199 Novenianum,
2097 5113 2201 5186 cuius

247 5190 1164 5336 enaa¹te.taz.ne·mresecasse
1215 5216 1460 5297 eruditionem,
1482 5218 1705 5308 prudentem
1721 5229 1756 5286 ει
1769 5217 1872 5285 fidem
1890 5216 2023 5308 experti
2038 5216 2199 5291 nm

211 5341 259 5415 ss)
277 5342 400 5399 tortasse
415 5341 519 5411 ΜΝ,
542 5341 588 5414 qut
603 5352 642 5397 ω
655 5344 681 5400 d,
693 5347 736 5399 25,
752 5346 838 5420 Apris.
1138 5378 1144 5387 .
1214 5312 1318 5385 Hunc
1333 5319 1449 5408 potius
1466 5318 1659 5398 consulito,
1685 5340 1790 5412 qrram
1802 5316 1968 5409 indoctos
1982 5338 2137 5391 errones.

1434 3548 1668 3656 Philippo
1691 3551 1989 3654 Gluenspies.
