4776 6024
192 152 274 234 zu
773 152 1469 238 uersronanuun1e.xn.
1524 163 1655 243 1554.
1894 258 1903 273 ‚
2147 176 2224 248 uo

190 330 241 400 let
250 320 303 421 ⁸),
328 349 395 396 nec
411 339 528 396 tamen
544 349 669 416 magna
683 351 764 397 cura
779 329 979 397 onerandus
993 341 1054 402 est.
1080 325 1182 398 Dabo
1250 327 1316 404 No.
1335 329 1449 405 5587.
1903 362 1932 422 1,
1952 349 2035 414 ulan,
2061 351 2108 432 (h,
2123 349 2195 432 8,,9)
2224 384 2242 401 ,

190 452 319 500 rursus
340 428 371 496 ei
395 440 642 516 argumentum
668 452 731 496 nec
753 430 897 497 insuave
914 454 978 498 nec
992 432 1181 520 prolixum,
1238 425 1448 468 Μ
1868 446 2220 488 Μ

193 544 232 601 et
253 553 418 624 quaeram
446 542 652 619 patronum,
686 531 745 622 qni
771 530 896 600 invitet
908 532 1088 620 ingenium
1106 532 1180 598 eius
1559 534 1701 655 Wolf·
1729 536 1883 625 Fugio,
1913 542 1919 555 '

189 631 404 703 munusculo
432 630 488 696 vel
514 654 589 698 mea
615 654 728 702 cansa.
781 631 892 720 Spero
911 634 1130 721 profuturam
1148 633 1178 698 ei

188 733 431 803 assiduitatem
456 731 493 798 in
512 732 690 815 docendo,
716 757 805 824 quae
822 735 973 804 abducat
988 758 1067 803 eum
1085 758 1103 801 a
1121 757 1178 800 so-

188 833 341 914 dalitiis,
380 847 414 902 et
447 843 564 900 tamen
599 832 736 901 labores
770 829 896 904 habeat
928 858 1001 902 non
1036 834 1177 906 nimios.
1432 879 1475 953 D
1521 882 1594 958 W
1620 885 1636 956 l
1857 883 1902 960 F
1973 888 1981 906 .

188 934 310 1025 Quare
336 934 496 1004 intentus
528 957 588 1000 ero
613 933 650 1000 in
676 936 896 1018 occasiones,
935 949 974 1004 ut
996 935 1034 1002 in
1056 930 1175 1003 schola
1477 939 1487 960 ⁰
1589 889 1825 987 ⁰sganff⁰
1905 914 2009 960 ‘¹³⁸⁰

186 1037 305 1130 aliqua
328 1033 500 1105 mediocri
524 1033 675 1117 serviat,
707 1036 770 1103 ubi
794 1036 961 1124 collegam
983 1036 1093 1105 fidum
1112 1032 1176 1103 ha·
1227 1018 1276 1105 S.
1303 1031 1348 1104 D.
1399 1033 1601 1106 Clarissime
1618 1041 1672 1106 vir
1688 1053 1722 1109 et
1736 1041 1846 1109 amice
1862 1036 2081 1126 charissime,
2109 1038 2212 1116 Hanc

1300 709 1386 782 Epist.
1399 710 1445 766 lib.
1461 712 1497 767 ll.
1517 730 1544 783 p.
1558 712 1609 766 575
1622 731 1662 784 sq.
1680 713 1736 784 (ed.
1747 715 1836 773 houd.
1849 716 1895 774 lib.
1908 715 1944 773 ll.
1961 735 2005 788 ep.
2016 716 2103 781 599).

187 1138 281 1210 licat.
332 1134 392 1205 Tu
415 1150 561 1226 paterno
585 1136 705 1204 animo
727 1159 826 1204 sanes
849 1161 937 1228 quae
959 1137 1174 1226 sanaripos-
1226 1136 1370 1203 brevem
1386 1139 1567 1226 epistolam
1586 1141 1667 1208 dedi
1685 1142 1899 1211 adolescenti
1914 1136 2077 1222 Gallico,
2102 1135 2212 1214 Petro
2324 1158 2338 1185 ⁸

186 1253 284 1311 sunt.
333 1233 383 1307 Et
396 1261 459 1325 ego
476 1237 545 1304 mei
561 1236 627 1303 lilii
642 1249 801 1306 naturam
818 1239 929 1308 tolero
948 1252 981 1307 et
993 1251 1175 1328 utcunque
1226 1223 1366 1305 Crasso
1381 1233 1668 1330 Syluanectensi‚
1692 1255 1775 1310 nato
1793 1244 1830 1308 in
1845 1243 1978 1312 familia
1993 1245 2107 1314 nobili
2124 1267 2210 1330 gen·

186 1360 295 1426 rego,
319 1352 351 1413 et
366 1338 537 1428 plurimos
552 1350 667 1427 patres
682 1333 774 1407 hanc
790 1334 983 1410 ἐπιείκειαν
997 1362 1077 1428 erga
1093 1361 1175 1406 suos
1224 1331 1509 1425 tisFrancicue,
1541 1366 1613 1409 non
1638 1335 1988 1432 proculaLutetia,
2016 1358 2056 1415 ut
2074 1344 2210 1413 aditum

187 1463 350 1510 exercere
364 1461 499 1509 necesse
517 1450 579 1509 est.
631 1436 727 1507 Haec
744 1465 821 1509 cum
839 1440 1052 1530 scripsissem
1068 1440 1172 1508 allata
1224 1439 1270 1505 ad
1294 1451 1329 1507 te
1352 1434 1490 1512 habeat·
1548 1440 1631 1510 Non
1654 1445 1742 1533 petit
1764 1445 1967 1531 pecuniam,
1995 1445 2091 1514 vivet
2114 1445 2209 1514 enim

187 1554 241 1610 est
260 1541 368 1624 sama,
392 1538 544 1611 Romam
565 1563 585 1605 a
604 1536 719 1607 Gallis
740 1554 943 1630 occupatam
967 1564 1051 1613 esse.
1102 1538 1171 1609 Sed
1223 1561 1287 1606 suo
1312 1555 1475 1630 sumptu,
1502 1543 1642 1633 quaerit
1664 1542 1796 1611 alicubi
1810 1543 1988 1613 scribendi
2002 1567 2143 1636 operas,
2169 1560 2210 1616 ut

184 1636 272 1710 haec
296 1637 463 1710 historica
488 1643 531 1709 de
548 1661 670 1729 regum
688 1643 869 1711 furoribus
885 1642 1023 1714 omitto.
1075 1639 1171 1708 Bene
1224 1639 1381 1727 linguam
1414 1635 1676 1710 Germanicam
1711 1657 1876 1712 exerceat.
1941 1642 2109 1736 Comperi
2136 1669 2209 1716 esse

183 1742 272 1816 vale.
326 1741 385 1815 18.
403 1739 518 1833 April.
1223 1741 1439 1825 modestum,
1473 1755 1506 1812 et
1526 1744 1879 1813 iustitiaeamantem.
1931 1743 2070 1832 Quaeso
2087 1758 2126 1817 ut
2143 1771 2208 1838 pro

922 1839 1122 1934 Philippus.
1223 1854 1281 1908 tua
1303 1843 1492 1932 prudentia
1515 1858 1546 1913 et
1571 1845 1702 1914 virtute
1718 1845 1882 1914 ostendas
1898 1839 2035 1913 homini
2053 1849 2207 1936 peregri-

1221 1964 1269 2009 no
1294 1966 1375 2009 vore
1397 1943 1532 2013 laudari
1555 1939 1759 2038 Mysorum
1784 1939 2057 2034 hospitalitatem
2081 1947 2120 2014 in
2133 1943 2203 2016 Ar-

1218 2040 1417 2134 gonautico
1434 2047 1598 2120 carmine.
1651 2044 1748 2115 Bene
1766 2045 1854 2118 vale.
1905 2044 2050 2120 Calend.
2068 2045 2169 2116 Maii.

979 2183 1053 2257 (19.
1071 2181 1169 2263 apr.)

441 2376 594 2462 1⁰⁰⁶7⁸²
626 2374 903 2463 cameram·
1229 2443 1296 2514 No.
1314 2441 1430 2515 5588.
1885 2460 1915 2522 1.
1930 2452 2017 2518 tlara.
2043 2452 2090 2532 (h.
2107 2453 2179 2535 et)

254 2534 531 2606 Epiatsdcrnerar·
550 2556 577 2608 p.
589 2536 650 2595 683.
671 2537 726 2606 (ed.
742 2537 831 2594 Loud.
849 2536 897 2592 lib.
912 2537 958 2591 lV.
977 2556 1020 2610 ep.
1034 2537 1118 2604 823).
1224 2542 1435 2579 *m
1848 2543 2204 2591 W

178 2681 403 2765 Clarissimo
426 2690 505 2764 uiro
527 2689 729 2764 eruditione
754 2701 785 2761 ct
808 2691 935 2763 virtute
957 2695 1169 2788 praestanti
1480 2644 1544 2733 Α·
1573 2647 1939 2756 Hardenbergw·

265 2790 297 2865 I
302 2791 429 2872 uach.
454 2788 563 2869 Cum
573 2817 589 2863 e
599 2818 628 2869 r.
647 2795 775 2894 fratri
787 2817 855 2863 suo
874 2795 1078 2884 carissimo,
1285 2819 1354 2892 Epp,
1367 2822 1400 2876 ad
1414 2823 1598 2895 Hardenberg,
1616 2844 1660 2896 ep.
1670 2824 1698 2878 7.

177 2928 226 3019 S.
248 2941 296 3014 D.
346 2941 445 3016 Duas
465 2946 568 3016 mitto
594 2945 777 3035 epistolas,
814 2944 958 3014 alteram
985 2947 1163 3018 innostra
1393 2991 1448 3069 D·
1472 2993 1667 3069 Albam
1692 2993 2025 3090 Hardebergio

176 3048 255 3116 aula
277 3047 464 3140 scriptam,
496 3071 586 3140 quae
610 3048 708 3116 iubet
730 3071 794 3115 nos
818 3050 980 3116 accedere
1000 3046 1162 3142 Naopyr-

175 3169 276 3237 gum,
302 3148 332 3217 si
357 3150 519 3218 venerint
537 3173 577 3216 eo
595 3146 735 3217 Suevici
752 3143 927 3236 Theologi
945 3165 978 3217 et
994 3148 1163 3224 Hassiaci.
1214 3129 1264 3216 S·
1292 3142 1337 3217 D.
1390 3143 1598 3217 Reverendo
1622 3148 1694 3228 vir,
1726 3161 1760 3216 et
1778 3147 1953 3217 carissime
1970 3147 2096 3216 irater:
2134 3143 2201 3216 Dei

176 3244 333 3323 Alteram
349 3274 434 3320 vero
450 3251 616 3339 scriptam
630 3253 673 3318 ad
691 3273 764 3333 me,
791 3250 828 3315 in
847 3275 914 3340 qua
933 3251 969 3318 in
984 3250 1162 3321 Prussiam
1214 3247 1384 3315 beneficio
1408 3245 1525 3317 adhuc
1548 3249 1736 3318 mediocria
1761 3263 1843 3318 sunt
1858 3245 2110 3319 Doctrinarum
2127 3260 2202 3318 stu-

174 3350 388 3443 vocor,'quo
402 3352 509 3421 audio
525 3352 723 3419 rediturum
739 3375 811 3418 esse
826 3343 1034 3419 Iohannem
1048 3351 1163 3423 Auri·
1215 3349 1271 3415 dia
1298 3350 1336 3414 in
1362 3343 1426 3416 hac
1449 3351 1589 3422 vicinia.
1640 3346 1819 3418 Ecclesiae
1842 3350 1946 3417 etiam
1969 3348 2078 3435 magis
2094 3346 2201 3416 flore-

129 3448 339 3540 .fabrum.
398 3452 480 3523 Scio
506 3467 538 3522 te
560 3464 736 3544 utranque
756 3451 939 3543 epistolam
967 3454 1161 3523 admiratu-
1215 3461 1310 3531 rent,
1338 3449 1368 3515 si
1392 3449 1616 3540 disciplinam
1640 3462 1803 3517 curarent
1819 3448 2001 3539 Principes
2024 3460 2058 3515 et
2073 3449 2199 3518 caeteri

175 3576 256 3622 rum
278 3575 362 3625 esse.
423 3552 492 3624 Sed
519 3549 586 3621 hoc
608 3554 762 3621 seculum
786 3553 854 3620 tale
878 3565 946 3634 cst,
973 3555 1105 3624 subitas
1130 3569 1162 3622 et
1213 3550 1487 3636 gubernatores,
1508 3550 1567 3640 qui
1584 3552 1660 3616 ideo
1679 3562 1805 3636 gerunt
1822 3572 1930 3635 arma,
1950 3562 1990 3619 ut
2005 3547 2076 3618 sint
2091 3548 2197 3618 disci-

177 3652 404 3741 negociorum
418 3668 453 3724 et
468 3656 690 3724 voluntatum
708 3653 921 3723 mutationes
938 3648 1055 3726 habet.
1087 3653 1161 3723 Nos
1213 3649 1331 3739 plinae
1351 3652 1524 3717 custodes·
1574 3647 1697 3736 Dirigo
1717 3650 1826 3738 igitur
1841 3662 1876 3717 ct
1893 3651 2150 3740 disputationes
2164 3663 2198 3718 et

177 3777 320 3823 oremus
335 3753 443 3824 lilium
456 3753 543 3839 Dei,
570 3769 608 3824 ut
622 3778 686 3823 nos
703 3755 890 3844 gubernet,
917 3767 951 3823 et
966 3769 1080 3824 servet
1095 3757 1162 3824 ali-
1212 3750 1279 3817 alia
1305 3772 1380 3816 mea
1402 3751 1529 3841 scripta
1553 3753 1596 3818 ad
1618 3750 1914 3818 consociationem
1929 3744 2055 3817 harum
2071 3746 2197 3816 Eccle-

177 3877 265 3946 qnas
280 3850 451 3925 Ecclesiae
473 3881 557 3927 suae
581 3856 768 3948 reliquias,
795 3869 909 3926 etnos
925 3856 1018 3924 inea
1036 3872 1159 3930 servet.
1212 3851 1343 3918 siarum
1366 3853 1465 3920 etad
1496 3851 1762 3942 explicationem
1790 3851 2057 3941 praecipuarum
2083 3860 2197 3918 mate·

178 3952 294 4025 Tuam
308 3951 500 4025 Ecclesiam
519 3959 745 4027 domesticam
760 3972 843 4047 opto
857 3956 987 4026 salvam
1005 3982 1044 4026 ac
1061 3959 1159 4027 inco-
1212 3953 1362 4035 riarum,
1396 3977 1482 4044 quas
1505 3955 1656 4024 velutin
1670 3945 1865 4045 κατηχήσω
1886 3952 2195 4019 scirinecesseest·

175 4054 307 4125 lumem
330 4081 412 4132 esse.
472 4058 569 4128 Bene
594 4071 628 4127 et
648 4058 797 4127 feliciter
819 4058 908 4131 vale.
971 4056 1057 4128 Cras
1082 4056 1157 4129 Deo
1211 4050 1259 4122 Et
1281 4078 1344 4122 oro
1359 4050 1427 4122 Dei
1444 4053 1576 4125 Filium
1600 4046 1731 4151 λόγον,
1765 4067 1805 4122 ut
1820 4053 1893 4142 ipse
1907 4075 1962 4119 me
1978 4063 2013 4120 et
2025 4049 2113 4119 alios
2127 4049 2194 4117 do·

171 4156 318 4228 itrvaute
333 4158 398 4228 iter
411 4161 608 4252 ingrediar,
634 4160 678 4229 ad
695 4183 759 4229 vos
772 4183 982 4233 accessurus.
1211 4167 1285 4223 cent
1299 4168 1332 4223 et
1348 4169 1452 4243 regat.
1489 4155 1590 4225 Meos
1606 4156 1744 4223 dolores
1759 4176 1876 4222 coram
1892 4151 1993 4223 vobis
2010 4173 2192 4243 exponam.

449 4254 458 4268 ⁰
911 4257 1106 4352 Philippus.
1210 4254 1264 4324 De
1284 4256 1386 4323 bellis
1412 4280 1485 4324 non
1508 4258 1596 4326 lihet
1618 4256 1781 4325 scribere.
1853 4252 2039 4342 Vaguntur
2060 4274 2194 4343 poenae

1208 4380 1272 4445 per
1294 4378 1403 4443 genus
1425 4352 1618 4426 humanum
1640 4370 1784 4447 propter
1807 4355 1915 4424 multa
1938 4368 1972 4424 et
1990 4374 2116 4442 magna
2131 4352 2193 4420 de·

1208 4456 1300 4527 licta.
1361 4453 1458 4525 lntec
1482 4453 1543 4527 has
1570 4481 1718 4548 poenas,
1752 4469 1790 4525 ut
1813 4471 1926 4526 servet
1947 4451 2044 4524 Deus
2066 4447 2192 4520 Eccle-

182 4588 218 4660 Ν
269 4634 314 4649 ,
340 4550 408 4646 -’
545 4597 550 4608 ·
1021 4621 1052 4658 m
1081 4597 1148 4659 Ar
1208 4557 1318 4635 siam,
1338 4569 1412 4625 toto
1429 4581 1509 4626 enm
1526 4573 1664 4649 pectore
1680 4559 1860 4627 vobiscum
1878 4583 1953 4627 oro.
1981 4551 2035 4623 De
2051 4543 2192 4623 Catulo

176 4685 388 4725 *aaa
1017 4623 1157 4717 vopv'
1209 4658 1237 4725 si
1254 4658 1338 4749 quid
1357 4660 1442 4725 certi
1458 4653 1605 4743 habetis,
1627 4660 1795 4745 significa.
1818 4651 1899 4744 ζώει
1915 4651 1968 4756 dy’
1984 4651 2007 4745 ἠ
2022 4650 2190 4745 τέθνηκε,

514 4775 818 4896 (Praefatio.)
1208 4754 1326 4831 κακὸν
1340 4752 1380 4829 δὲ
1402 4753 1589 4852 ἀνεμώλια
1605 4753 1745 4851 βάζειν.
1788 4759 1886 4831 Bene
1902 4774 1936 4830 et
1950 4755 2101 4828 feliciter
2113 4756 2191 4824 vale

181 4878 221 4935 .’
281 4908 287 4919 -
340 4874 355 4949 ’,
692 4936 699 4949 ,
1209 4873 1243 4930 et
1257 4861 1419 4933 rescribe.
1469 4859 1545 4936 Cal.
1564 4861 1664 4935 Maii.

201 5014 206 5021 Ι
235 4933 452 5029 ΡιηιῖιῢοιιειτιΙ
470 4935 658 4991 Melanthonir
691 4955 721 5017 m
752 4935 868 4991 tium-2
902 4933 1018 5006 Wolig.
1045 4938 1157 5018 ltraurs,
1943 4953 2037 5026 Phili
2087 4977 2139 5028 us.

266 5002 381 5064 Oleum
397 5007 451 5063 aab
471 5005 590 5074 Inlusit
606 5016 675 5068 ete„
693 5004 753 5058 vida
770 5021 864 5060 mense
882 5003 975 5075 septb.
993 5023 1058 5060 aunt
1078 5003 1155 5061 1553.
2041 4978 2087 5049 pp

199 5218 227 5295 θ)
247 5226 310 5283 vid.
323 5188 403 5297 upra
419 5241 462 5294 ep.
476 5222 509 5275 ad
526 5228 638 5279 Petrum
654 5218 827 5278 vincentium
845 5217 871 5272 cl.
883 5216 911 5272 d.
921 5216 966 5273 st.
977 5217 1049 5286 lan,
1072 5237 1155 5290 quare

233 5297 306 5351 bane
316 5312 359 5367 ep.
372 5292 406 5347 ad
420 5290 496 5347 huuc
508 5310 607 5346 mnam
621 5288 715 5346 retuli.

567 5509 595 5541 Ὠ
