4776 6024
145 369 223 446 ooo
710 363 1147 442 urrsrouauou
1200 367 1306 448 uro.
1350 368 1466 450 ru,
1500 316 1634 445 roas.
1697 426 1700 430 .
2099 361 2176 434 ooo

146 537 294 611 summis
319 536 529 625 virtutibus,
562 539 710 612 veritate
731 552 766 610 et
791 537 942 610 iusticia·
1000 535 1139 607 Veritas
1187 565 1267 612 sum
1292 529 1543 617 discedentem.
1601 536 1771 631 Optarim
1800 537 1876 608 eius
1906 535 2172 628 pronunciatio-

120 641 277 710 ”fatetur
291 640 385 710 unde
400 641 595 730 profectum
610 641 656 711 sit
672 640 896 711 beneficium:
918 632 1055 710 iusticia
1069 639 1135 707 ob—
1187 666 1269 713 nem
1284 644 1517 715 concionibus
1533 642 1704 734 aptiorem
1719 662 1804 713 esse.
1853 637 1925 709 Sed
1940 637 2098 707 fortassis
2114 637 2172 703 di-

142 739 228 835 ligat
241 755 364 812 mutua
380 742 507 816 officia.
559 740 718 837 Vultque
732 738 830 811 Deus
846 739 995 830 intelligi
1023 739 1134 830 grati-
1186 744 1330 834 ligantia
1345 745 1522 816 moderari
1540 769 1616 815 eam
1633 734 1820 835 poterit*).
1870 735 1948 807 Hac
1962 737 2007 807 de
2028 760 2066 806 re
2080 731 2170 805 mibi

143 841 325 927 tudinem,
365 855 409 914 ιιι
438 842 556 933 ipsum
596 864 825 932 agnoscamus
864 855 1024 914 autorem
1057 861 1131 910 esse
1184 846 1323 918 scribes.
1357 845 1455 916 Bene
1469 847 1557 919 vale.
1589 833 2170 932 Dte13.N0vembris.(a.1555.)

144 941 307 1033 omnium
327 942 502 1014 bonarum
525 966 662 1030 rerum,
688 958 721 1014 et
740 943 894 1013 vicissim
914 955 1131 1034 praestemus
1183 945 1291 1018 Plura
1306 971 1402 1027 nunc
1418 949 1572 1027 scribere
1587 969 1661 1015 non
1675 943 1788 1039 potui.

143 1043 176 1116 ei
192 1044 443 1116 obedientiam.
493 1043 613 1135 Quare
626 1045 716 1135 grati
733 1038 896 1114 homines
911 1045 1015 1114 laude
1031 1042 1130 1131 digni

143 1157 239 1220 sunt.
289 1141 382 1216 Cum
397 1146 506 1236 igitur
521 1139 579 1215 hic
592 1146 759 1237 magister
772 1141 799 1213 I
799 1165 937 1215 oannes
945 1138 1131 1214 Pottielrer

144 1258 243 1338 grata
263 1247 595 1319 commemoratione
616 1261 676 1319 tua
691 1269 771 1337 erga
794 1269 831 1317 sc
845 1245 1012 1318 beneficia
1027 1267 1130 1335 prae·

145 1346 255 1432 dicet,
287 1370 411 1419 rursus
429 1372 512 1418 eum
532 1348 601 1418 tibi
622 1350 849 1434 commendo,
874 1359 912 1418 et
932 1359 972 1417 ιιι
990 1360 1128 1437 gratum
1389 1379 1394 1390 ·

145 1441 351 1533 hominem,
371 1461 405 1519 et
419 1463 459 1519 ιιι
473 1450 685 1520 servientem
701 1449 838 1520 utiliter
853 1449 980 1519 studiis
1002 1448 1127 1536 iuven·
1192 1492 1248 1565 No
1276 1432 1392 1579 ὦ*

144 1548 240 1624 tutis.
290 1546 468 1640 Scriptum
484 1545 799 1645 Norinbergerrse,
820 1563 860 1620 ut
881 1549 948 1620 scit
965 1549 1129 1636 magister
1186 1540 1398 1627 *0⁰ae

143 1643 327 1734 Ioannes,
359 1665 411 1722 est
443 1651 481 1720 in
517 1652 657 1721 officina
689 1644 956 1743 typographica:
991 1649 1126 1717 mittam
1418 1644 1426 1655 '
1488 1688 1523 1774 Ι
1582 1684 1635 1772 Α
1702 1686 1712 1706 ·
1737 1683 1795 1770 ab

142 1749 409 1845 quamprimum
440 1752 550 1823 fuerit
581 1753 727 1823 editum.
785 1748 884 1820 Beue
913 1749 1000 1823 vale.
1060 1744 1128 1815 Die
1516 1716 1554 1807 ,θ’
1634 1678 1743 1802 ‘ms
1796 1710 1821 1768 Υ
1823 1711 1863 1770 ⁰⁰

143 1850 280 1921 decimo
294 1847 523 1938 Novembris,
547 1855 693 1946 quodie
712 1848 821 1927 1483.
834 1845 1031 1920 Martinus
1045 1839 1129 1916 La-
1251 1873 1273 1944 †
1291 1871 1332 1926 ux
1343 1867 1501 1943 apographo
1516 1868 1545 1920 tn
1562 1863 1625 1922 rod.
1638 1861 1724 1918 Paris.
1742 1863 1779 1917 D.
1791 1858 1825 1914 t.
1836 1859 1897 1913 stt.

144 1943 267 2020 theras
280 1965 468 2041 natusest,
494 1953 594 2023 cuius
611 1976 694 2024 voce
710 1949 1130 2041 lucemEvangeliifilius
1259 1985 1265 1994 ·
1354 2021 1361 2040 ,
1502 2015 1511 2034 ‚
1728 2009 1737 2028 ,
2037 2005 2045 2022 ,

142 2048 210 2122 Dei
224 2047 402 2125 Ecclesiae
417 2044 587 2125 restituit:
613 2079 679 2147 pro
701 2077 742 2121 eo
766 2054 936 2124 benelicio
956 2053 1129 2120 immenso
1182 2019 1359 2096 IWW
1389 2014 1487 2089 ἈΜ
1494 2015 1544 2116 's
1544 2013 1600 2086 αὖ
1609 2038 1628 2085 7
1634 2037 1657 2084 ⁰
1693 2011 1761 2109 (m
1795 2001 1912 2084 Ama·
1942 1999 2171 2141 Rfsswmffl'·

142 2152 233 2325 ghrati
253 2148 369 2225 Deum
400 2169 434 2226 et
458 2155 655 2227 Dominum
681 2153 797 2224 lesum
821 2149 1004 2224 Christum
1038 2152 1130 2220 cele·
1165 2195 1168 2199 -
1618 2109 1742 2209 'ml‘

168 2274 298 2325 remus.

1920 1068 2120 1162 Philippus.

1183 2254 1232 2345 S.
1256 2271 1301 2346 D.
1360 2269 1569 2346 Reverende
1593 2268 1650 2338 vir
1669 2279 1706 2338 et
1724 2263 1901 2336 carissime
1920 2261 2039 2333 scater.
2097 2255 2168 2329 lte·

648 2401 838 2498 Philippus
854 2402 1080 2477 Melanthon,
1183 2397 1263 2446 rum
1286 2376 1480 2448 mittuntur
1498 2372 1621 2442 literae
1642 2370 1774 2440 docum
1800 2361 1976 2437 Saxoniae
2002 2361 2047 2431 ad
2080 2356 2169 2430 lllu-

1184 2574 1351 2649 Erasmo
1367 2566 1584 2646 Reirrlroldo
1607 2582 1750 2664 propter
1772 2563 1954 2638 doctrinae
1975 2555 2170 2634 mathema-
2226 2574 2237 2587 ‘·

1183 2692 1261 2752 tum
1280 2675 1569 2773 propagationem
1590 2673 1779 2743 clementer
1802 2665 1975 2760 promisit.
2026 2660 2109 2734 Scio
2135 2675 2170 2729 te
2286 2656 2297 2681 *

970 2780 1028 2839 ¹3·
1050 2770 1131 2840 Nor.
1185 2797 1220 2853 et
1243 2780 1427 2853 doctrinae
1448 2799 1559 2867 genus
1581 2796 1716 2856 amare,
1741 2786 1776 2840 et
1798 2769 1950 2838 libenter
1964 2762 2170 2836 benefacere

1185 2882 1290 2973 amici
1311 2880 1439 2952 veteris
1462 2871 1645 2969 orphanis.
1696 2870 1818 2962 Quare
1840 2883 1875 2940 te
1897 2889 1982 2949 oro,
2005 2866 2048 2935 ιιι
2064 2862 2170 2933 anni-

1184 2985 1288 3069 taris,
1313 2998 1353 3054 ut
1368 2977 1504 3075 aliquid
1519 2977 1737 3069 impetretur.
1788 2964 1950 3042 Obsecro
1962 2980 2008 3048 tc,
2034 2979 2074 3036 ιιι
2089 2971 2171 3055 per-

1184 3086 1299 3169 ficias,
1323 3097 1363 3155 ut
1378 3081 1519 3161 nostme
1534 3074 1710 3149 amicitiae
1724 3075 1826 3146 etiarn
1844 3065 1911 3139 hac
1925 3069 1965 3137 in
1976 3087 2017 3135 re
2031 3065 2169 3159 aliquid

1183 3188 1350 3259 tribuisse
1379 3199 1413 3256 tc
1441 3177 1649 3269 intelligam.
1704 3172 1787 3254 Non
1809 3171 1904 3242 enim
1926 3167 2088 3239 existimo
2111 3189 2171 3234 ex·
2223 3222 2228 3234 ‚

1183 3288 1329 3358 tinctam
1353 3308 1428 3356 esse
1452 3277 1745 3354 benevolentiam
1755 3297 1838 3365 erga
1859 3294 1916 3343 me
1930 3284 2041 3341 tuam.
2091 3260 2169 3355 Ego

141 3369 355 3447 Reverendo
378 3378 455 3449 viro
479 3373 681 3448 eruditione
705 3388 737 3448 ιι
765 3377 895 3447 virtute
921 3379 1134 3472 praestanti
1184 3402 1276 3459 certe
1292 3408 1429 3476 ,emper
1443 3379 1699 3473 ἀνυποκριτῶς
1720 3389 1755 3445 te
1769 3371 1877 3455 dilexi
1895 3383 1932 3441 et
1955 3362 2072 3441 adbuc
2085 3365 2170 3439 diti.
2262 3412 2271 3429 .

144 3472 199 3554 D.
222 3471 416 3551 Christo
423 3473 573 3572 phora
598 3474 770 3573 Libyn,
796 3473 952 3547 Pastori
963 3475 1130 3547 ecclesiae
1182 3511 1238 3576 go,
1290 3485 1389 3557 Bene
1414 3497 1450 3554 et
1473 3478 1624 3552 feliciter
1643 3475 1736 3544 vale,
1786 3468 1855 3543 Die
1881 3471 1939 3546 15,
1956 3464 2169 3540 Novembris

383 2929 397 2940 ’
494 2962 607 3076 opo.
637 2963 832 3051 utos...

210 3132 444 3277 &1²inqu
451 3132 484 3259 ig·
499 3136 561 3191 cod.
579 3136 651 3193 Seid.
663 3136 766 3194 Dresd.
784 3138 854 3193 edita
872 3138 900 3192 in
919 3137 1135 3251 W'epscbeideri

1082 2499 1090 2535 .·
1184 2477 1394 2548 strissimum
1428 2477 1553 2544 ducem
1576 2469 1739 2541 Prussiae
1771 2467 1815 2537 de
1849 2462 2038 2546 beneficio,
2072 2462 2168 2554 qnod
2279 2484 2280 2488 ¹

144 3575 223 3649 Dei
247 3578 287 3646 iu
312 3575 454 3671 inclyto
481 3574 628 3648 Brenni
651 3601 752 3663 arce,
770 3575 899 3675 fratri
920 3600 988 3646 soo
1012 3576 1129 3647 caris·
1185 3581 1296 3663 1555,

584 3677 689 3755 simo.

144 3808 192 3899 S.
216 3822 262 3896 D.
318 3823 527 3899 Reverendo
561 3829 617 3899 vir
640 3843 676 3901 et
708 3830 825 3901 cariss.
855 3828 973 3899 frater.
1032 3825 1129 3900 Scri·

144 3939 244 4018 ptum
257 3929 301 3997 de
315 3931 553 4000 controversia
567 3925 799 4023 Norihergae
815 3928 1023 4001 docentibus
1043 3953 1128 4021 pro-

144 4029 342 4120 posuimus,
393 4033 450 4099 cui
483 4034 765 4125 subscripserunt
799 4055 941 4116 ournes,
992 4044 1129 4122 praeter

142 4132 251 4217 duos,
276 4132 338 4224 qui
353 4133 563 4205 abdicarunt
578 4158 709 4206 munos
725 4126 934 4224 docendi*).
969 4129 1127 4203 Alterius

143 4231 240 4303 tanta
256 4245 306 4301 est
322 4232 459 4304 inscitia
476 4249 509 4304 et
527 4238 683 4322 audacia,
693 4249 733 4307 ut
747 4228 1016 4328 ιοιειάμαθίας
1026 4227 1125 4329 Opti·

146 4353 209 4412 σος
223 4325 519 4430 ἀπεργάζεσθαι,
544 4351 585 4408 ut
602 4339 735 4409 diceret
750 4332 934 4409 Christum
945 4359 1019 4428 per
1036 4336 1127 4420 acci·
1241 4404 1243 4409 ,

142 4432 230 4502 deus
246 4433 443 4507 iustificare.
476 4435 581 4508 Nunc
597 4462 682 4509 vero
697 4433 754 4507 his
767 4438 911 4509 remotis
927 4460 948 4507 a
964 4434 1127 4507 utiabra.

141 4533 197 4603 rio
224 4555 297 4602 una
317 4548 369 4605 est
392 4537 450 4604 dei
472 4539 641 4610 beneficio
664 4542 744 4609 viva
766 4555 800 4611 et
815 4536 1039 4627 consentiens
1058 4559 1126 4607 vox

143 4633 304 4704 omnium
344 4637 545 4709 docentium
595 4641 634 4709 in
678 4641 822 4710 ecclesia
862 4637 1126 4728 Norihergensi.

114 4755 127 4839 s,
139 4731 310 4827 Exempla
326 4738 446 4828 scripti
463 4742 578 4810 nostri
599 4741 748 4814 mittam.
800 4739 905 4828 Nunc,
924 4739 1020 4810 cuim
1036 4742 1126 4810 duae

112 4835 348 4927 pugionem
372 4841 512 4909 officina
538 4838 789 4935 typographica
819 4842 1000 4912 absolutae
1033 4855 1124 4915 sunt.

140 4934 252 5029 Spero
275 4939 381 5009 etiam
408 4944 532 5013 ceteris
554 4940 721 5013 Ecclesiis
740 4939 832 5012 hanc
855 4942 1124 5034 explicationem

143 5039 364 5127 profuturam
377 5064 462 5114 esse.
514 5041 713 5129 Diaconos,
729 5066 834 5137 quem
851 5043 1018 5128 vocastis,
1035 5037 1125 5111 mihi
1196 5134 1199 5141 Ι

140 5149 246 5208 notus
270 5153 340 5227 est,
373 5166 476 5235 spero
499 5147 698 5216 modestum
718 5146 794 5215 fore
827 5156 862 5213 ct
886 5143 958 5214 tuis
980 5141 1127 5212 monitis

1671 3711 1697 3725 ¹·
1767 3669 1773 3677 ⁸
1821 3682 1917 3760 Phil.
1940 3680 2120 3759 Melanth.

1764 3996 1766 4000 ι
2207 4006 2211 4018 ‚
2353 3976 2383 4025 ’,ἲ

2011 4103 2068 4164 ts.
2084 4092 2168 4161 Nor.

2006 4187 2167 4213 nm

1480 4309 1482 4312 ’
1526 4312 1637 4427 Cpb.
1659 4309 1815 4397 Iorsoe.

1250 4503 1328 4561 Edita
1342 4521 1371 4560 er
1386 4488 1730 4572 summissionem
1743 4482 1865 4559 φίιιοιὶι
1876 4499 1903 4550 p.
1918 4477 1971 4535 ast
1982 4495 2022 4550 sq.
2036 4472 2088 4547 lip.
2106 4472 2133 4529 8.

1211 4730 1346 4862 ''dm‘'
1359 4701 2172 4849 ”matt:attestarentur

1245 4810 1608 4934 [ligoribzbihegrsgplom
1621 4863 1763 4938 sequemet
1777 4845 1892 4930 ςοιριιιι
1905 4855 1932 4897 et
1945 4839 2083 4923 praeclare
2102 4809 2167 4892 εἰσ.
2220 4904 2224 4912 ν

1269 4942 1297 4997 oi
1317 4950 1345 4996 et
1365 4940 1435 4994 bena
1455 4925 1639 5006 pronunciare
1657 4941 1686 4975 m
1706 4912 1888 4976 conctoorbus
1908 4917 2109 4989 consuescant·
2132 4906 2167 4988 [it

1246 4964 1420 5088 helmstan}
1459 5015 1543 5058 uero.
1565 4977 1889 5091 testaccsmersrlpillp.
1900 4964 1957 5048 8.),
1972 4985 2166 5100 promtam

1428 5053 1990 5193 doxlhmm⁴skwdae,¹bheris
1998 5065 2165 5169 laniatu·

141 5236 464 5334 obtemperaturum
492 5269 582 5327 esse,
617 5247 714 5342 quod
742 5259 783 5318 ut
813 5243 934 5330 facim,
967 5238 1126 5315 hortatus
1210 5346 1214 5351 Ι

136 5408 336 5426 m

170 5496 957 5568 nummum-manerem..
996 5530 1009 5544 ..
1062 5524 1070 5545 ι
1119 5506 1124 5523 2
1186 5470 1209 5545 ‘·
