<?xml version="1.0" encoding="UTF-8"?>
<!DOCTYPE html PUBLIC "-//W3C//DTD XHTML 1.0 Transitional//EN"
    "http://www.w3.org/TR/xhtml1/DTD/xhtml1-transitional.dtd">
<html xmlns="http://www.w3.org/1999/xhtml" xml:lang="en" lang="en">
 <head>
  <title>
</title>
<meta http-equiv="Content-Type" content="text/html;charset=utf-8" />
  <meta name='ocr-system' content='tesseract 3.04.00' />
  <meta name='ocr-capabilities' content='ocr_page ocr_carea ocr_par ocr_line ocrx_word'/>
</head>
<body>
  <div class='ocr_page' id='page_1' title='image "./philippimelanth09melagoog/philippimelanth09melagoog_0077.png"; bbox 0 0 4776 6024; ppageno 0'>
   <div class='ocr_carea' id='block_1_1' title="bbox 172 139 243 219">
    <p class='ocr_par' dir='ltr' id='par_1_1' title="bbox 172 139 243 219">
     <span class='ocr_line' id='line_1_1' title="bbox 172 139 243 219; baseline 0.042 -3"><span class='ocrx_word' id='word_1_1' title='bbox 172 139 243 219; x_wconf 82' lang='lat' dir='ltr'>tos</span> 
     </span>
    </p>
   </div>
   <div class='ocr_carea' id='block_1_2' title="bbox 168 304 1164 1088">
    <p class='ocr_par' dir='ltr' id='par_1_2' title="bbox 168 304 1164 1088">
     <span class='ocr_line' id='line_1_2' title="bbox 168 304 1163 399; baseline -0.007 -18"><span class='ocrx_word' id='word_1_2' title='bbox 168 308 270 384; x_wconf 78' lang='lat' dir='ltr'>Dens</span> <span class='ocrx_word' id='word_1_3' title='bbox 303 321 339 381; x_wconf 88' lang='lat' dir='ltr'>et</span> <span class='ocrx_word' id='word_1_4' title='bbox 362 307 480 399; x_wconf 85' lang='lat' dir='ltr'>ipsnm</span> <span class='ocrx_word' id='word_1_5' title='bbox 505 319 544 379; x_wconf 90' lang='lat' dir='ltr'>et</span> <span class='ocrx_word' id='word_1_6' title='bbox 565 327 631 375; x_wconf 88' lang='lat' dir='ltr'>nos</span> <span class='ocrx_word' id='word_1_7' title='bbox 653 329 776 375; x_wconf 89' lang='lat' dir='ltr'>omnes</span> <span class='ocrx_word' id='word_1_8' title='bbox 807 307 992 394; x_wconf 79' lang='lat' dir='ltr'>gubernet.</span> <span class='ocrx_word' id='word_1_9' title='bbox 1051 304 1163 388; x_wconf 89' lang='lat' dir='ltr'>Nova,</span> 
     </span>
     <span class='ocr_line' id='line_1_3' title="bbox 172 402 1161 508; baseline -0.011 -24"><span class='ocrx_word' id='word_1_10' title='bbox 172 436 267 508; x_wconf 82' lang='lat' dir='ltr'>quae</span> <span class='ocrx_word' id='word_1_11' title='bbox 298 406 488 480; x_wconf 88' lang='lat' dir='ltr'>babuimus</span> <span class='ocrx_word' id='word_1_12' title='bbox 518 430 641 477; x_wconf 79' lang='lat' dir='ltr'>recem</span> <span class='ocrx_word' id='word_1_13' title='bbox 663 402 721 475; x_wconf 89' lang='lat' dir='ltr'>bie</span> <span class='ocrx_word' id='word_1_14' title='bbox 743 419 903 491; x_wconf 85' lang='lat' dir='ltr'>narrata,</span> <span class='ocrx_word' id='word_1_15' title='bbox 936 407 1020 476; x_wconf 89' lang='lat' dir='ltr'>iussi</span> <span class='ocrx_word' id='word_1_16' title='bbox 1047 407 1161 474; x_wconf 81' lang='lat' dir='ltr'>filium</span> 
     </span>
     <span class='ocr_line' id='line_1_4' title="bbox 174 503 1161 600; baseline -0.008 -16"><span class='ocrx_word' id='word_1_17' title='bbox 174 515 345 591; x_wconf 86' lang='lat' dir='ltr'>scribere,</span> <span class='ocrx_word' id='word_1_18' title='bbox 378 524 421 580; x_wconf 92' lang='lat' dir='ltr'>ut</span> <span class='ocrx_word' id='word_1_19' title='bbox 454 521 659 597; x_wconf 87' lang='lat' dir='ltr'>argumenta</span> <span class='ocrx_word' id='word_1_20' title='bbox 685 503 828 578; x_wconf 87' lang='lat' dir='ltr'>baberet</span> <span class='ocrx_word' id='word_1_21' title='bbox 848 509 1034 578; x_wconf 85' lang='lat' dir='ltr'>exercendi</span> <span class='ocrx_word' id='word_1_22' title='bbox 1066 507 1161 600; x_wconf 89' lang='lat' dir='ltr'>styli.</span> 
     </span>
     <span class='ocr_line' id='line_1_5' title="bbox 172 606 1163 695; baseline -0.011 -10"><span class='ocrx_word' id='word_1_23' title='bbox 172 611 274 685; x_wconf 81' lang='lat' dir='ltr'>Nove</span> <span class='ocrx_word' id='word_1_24' title='bbox 288 606 381 681; x_wconf 83' lang='lat' dir='ltr'>milri</span> <span class='ocrx_word' id='word_1_25' title='bbox 398 634 481 679; x_wconf 89' lang='lat' dir='ltr'>cum</span> <span class='ocrx_word' id='word_1_26' title='bbox 499 607 688 678; x_wconf 85' lang='lat' dir='ltr'>Prussiacis</span> <span class='ocrx_word' id='word_1_27' title='bbox 705 608 894 678; x_wconf 84' lang='lat' dir='ltr'>certamina</span> <span class='ocrx_word' id='word_1_28' title='bbox 918 624 1018 694; x_wconf 88' lang='lat' dir='ltr'>sunt;</span> <span class='ocrx_word' id='word_1_29' title='bbox 1046 609 1163 695; x_wconf 87' lang='lat' dir='ltr'>litiga·</span> 
     </span>
     <span class='ocr_line' id='line_1_6' title="bbox 171 702 1162 799; baseline -0.007 -16"><span class='ocrx_word' id='word_1_30' title='bbox 171 737 253 785; x_wconf 86' lang='lat' dir='ltr'>mus</span> <span class='ocrx_word' id='word_1_31' title='bbox 273 715 321 781; x_wconf 87' lang='lat' dir='ltr'>de</span> <span class='ocrx_word' id='word_1_32' title='bbox 345 707 503 780; x_wconf 85' lang='lat' dir='ltr'>bominis</span> <span class='ocrx_word' id='word_1_33' title='bbox 525 702 704 799; x_wconf 78' lang='lat' dir='ltr'>mortui*)</span> <span class='ocrx_word' id='word_1_34' title='bbox 728 710 893 799; x_wconf 89' lang='lat' dir='ltr'>ambigue</span> <span class='ocrx_word' id='word_1_35' title='bbox 917 711 1032 782; x_wconf 87' lang='lat' dir='ltr'>dictis.</span> <span class='ocrx_word' id='word_1_36' title='bbox 1092 710 1162 778; x_wconf 86' lang='lat' dir='ltr'>Sed</span> 
     </span>
     <span class='ocr_line' id='line_1_7' title="bbox 170 809 1164 904; baseline -0.007 -20"><span class='ocrx_word' id='word_1_37' title='bbox 170 815 219 886; x_wconf 91' lang='lat' dir='ltr'>de</span> <span class='ocrx_word' id='word_1_38' title='bbox 233 809 343 885; x_wconf 87' lang='lat' dir='ltr'>biset</span> <span class='ocrx_word' id='word_1_39' title='bbox 357 811 437 881; x_wconf 89' lang='lat' dir='ltr'>aliis</span> <span class='ocrx_word' id='word_1_40' title='bbox 452 811 620 900; x_wconf 85' lang='lat' dir='ltr'>negotiis,</span> <span class='ocrx_word' id='word_1_41' title='bbox 633 810 827 902; x_wconf 85' lang='lat' dir='ltr'>aliquando</span> <span class='ocrx_word' id='word_1_42' title='bbox 845 835 963 880; x_wconf 88' lang='lat' dir='ltr'>coram</span> <span class='ocrx_word' id='word_1_43' title='bbox 982 812 1164 904; x_wconf 88' lang='lat' dir='ltr'>colloque-</span> 
     </span>
     <span class='ocr_line' id='line_1_8' title="bbox 173 909 1164 993; baseline -0.008 -8"><span class='ocrx_word' id='word_1_44' title='bbox 173 937 274 987; x_wconf 84' lang='lat' dir='ltr'>mur.</span> <span class='ocrx_word' id='word_1_45' title='bbox 331 909 427 981; x_wconf 87' lang='lat' dir='ltr'>Bene</span> <span class='ocrx_word' id='word_1_46' title='bbox 448 925 481 980; x_wconf 88' lang='lat' dir='ltr'>et</span> <span class='ocrx_word' id='word_1_47' title='bbox 503 911 655 981; x_wconf 78' lang='lat' dir='ltr'>feliciter</span> <span class='ocrx_word' id='word_1_48' title='bbox 675 912 800 984; x_wconf 87' lang='lat' dir='ltr'>valete.</span> <span class='ocrx_word' id='word_1_49' title='bbox 846 910 942 981; x_wconf 90' lang='lat' dir='ltr'>Deus</span> <span class='ocrx_word' id='word_1_50' title='bbox 959 925 1072 982; x_wconf 90' lang='lat' dir='ltr'>servet</span> <span class='ocrx_word' id='word_1_51' title='bbox 1090 931 1164 993; x_wconf 87' lang='lat' dir='ltr'>vos,</span> 
     </span>
     <span class='ocr_line' id='line_1_9' title="bbox 177 1010 898 1088; baseline 0.007 -5"><span class='ocrx_word' id='word_1_52' title='bbox 177 1028 215 1088; x_wconf 92' lang='lat' dir='ltr'>et</span> <span class='ocrx_word' id='word_1_53' title='bbox 229 1027 362 1085; x_wconf 86' lang='lat' dir='ltr'>vestros</span> <span class='ocrx_word' id='word_1_54' title='bbox 374 1013 580 1087; x_wconf 87' lang='lat' dir='ltr'>incolumes.</span> <span class='ocrx_word' id='word_1_55' title='bbox 630 1010 699 1084; x_wconf 88' lang='lat' dir='ltr'>Die</span> <span class='ocrx_word' id='word_1_56' title='bbox 717 1013 774 1084; x_wconf 72' lang='lat' dir='ltr'>lb.</span> <span class='ocrx_word' id='word_1_57' title='bbox 790 1010 898 1088; x_wconf 91' lang='lat' dir='ltr'>lunii.</span> 
     </span>
    </p>
   </div>
   <div class='ocr_carea' id='block_1_3' title="bbox 916 1160 1114 1256">
    <p class='ocr_par' dir='ltr' id='par_1_3' title="bbox 916 1160 1114 1256">
     <span class='ocr_line' id='line_1_10' title="bbox 916 1160 1114 1256; baseline -0.01 -22"><span class='ocrx_word' id='word_1_58' title='bbox 916 1160 1114 1256; x_wconf 74' lang='lat' dir='ltr'><strong>Philippus.</strong></span> 
     </span>
    </p>
   </div>
   <div class='ocr_carea' id='block_1_4' title="bbox 1013 1399 1159 1409">
    <p class='ocr_par' dir='ltr' id='par_1_4' title="bbox 1013 1399 1159 1409">
     <span class='ocr_line' id='line_1_11' title="bbox 1013 1399 1159 1409; baseline -0.021 0"><span class='ocrx_word' id='word_1_59' title='bbox 1013 1399 1159 1409; x_wconf 72' lang='lat'>......-—</span> 
     </span>
    </p>
   </div>
   <div class='ocr_carea' id='block_1_5' title="bbox 175 1555 1141 1684">
    <p class='ocr_par' dir='ltr' id='par_1_5' title="bbox 175 1555 1141 1684">
     <span class='ocr_line' id='line_1_12' title="bbox 175 1555 1141 1684; baseline -0.014 -48"><span class='ocrx_word' id='word_1_60' title='bbox 175 1555 369 1684; x_wconf 60' lang='lat' dir='ltr'>Q.</span> <span class='ocrx_word' id='word_1_61' title='bbox 1004 1558 1141 1632; x_wconf 74' lang='lat' dir='ltr'>enlm..</span> 
     </span>
    </p>
   </div>
   <div class='ocr_carea' id='block_1_6' title="bbox 990 1651 1161 1680">
    <p class='ocr_par' dir='ltr' id='par_1_6' title="bbox 990 1651 1161 1680">
     <span class='ocr_line' id='line_1_13' title="bbox 990 1651 1161 1680; baseline -0.006 0"><span class='ocrx_word' id='word_1_62' title='bbox 990 1651 1161 1680; x_wconf 55' lang='lat' dir='ltr'>m</span> 
     </span>
    </p>
   </div>
   <div class='ocr_carea' id='block_1_7' title="bbox 243 1741 1139 1976">
    <p class='ocr_par' dir='ltr' id='par_1_7' title="bbox 243 1741 1139 1976">
     <span class='ocr_line' id='line_1_14' title="bbox 433 1741 896 1833; baseline -0.009 -7"><span class='ocrx_word' id='word_1_63' title='bbox 433 1741 582 1829; x_wconf 80' lang='grc' dir='ltr'><strong><em>ΙοιιοῙι.</em></strong></span> <span class='ocrx_word' id='word_1_64' title='bbox 618 1742 896 1833; x_wconf 81' lang='lat' dir='ltr'>Gomerorio.</span> 
     </span>
     <span class='ocr_line' id='line_1_15' title="bbox 243 1897 1139 1976; baseline -0.004 -18"><span class='ocrx_word' id='word_1_65' title='bbox 243 1901 328 1976; x_wconf 73' lang='lat' dir='ltr'>Epist.</span> <span class='ocrx_word' id='word_1_66' title='bbox 343 1902 376 1956; x_wconf 84' lang='lat' dir='ltr'>sd</span> <span class='ocrx_word' id='word_1_67' title='bbox 391 1901 530 1956; x_wconf 81' lang='lat' dir='ltr'>Camersr.</span> <span class='ocrx_word' id='word_1_68' title='bbox 543 1920 571 1973; x_wconf 91' lang='lat' dir='ltr'>p.</span> <span class='ocrx_word' id='word_1_69' title='bbox 585 1900 683 1974; x_wconf 64' lang='lat' dir='ltr'>orosa.</span> <span class='ocrx_word' id='word_1_70' title='bbox 697 1900 758 1971; x_wconf 89' lang='lat' dir='ltr'>(ed.</span> <span class='ocrx_word' id='word_1_71' title='bbox 771 1899 862 1957; x_wconf 71' lang='lat' dir='ltr'>bend</span> <span class='ocrx_word' id='word_1_72' title='bbox 877 1899 922 1955; x_wconf 90' lang='lat' dir='ltr'>lib.</span> <span class='ocrx_word' id='word_1_73' title='bbox 938 1898 986 1957; x_wconf 85' lang='lat' dir='ltr'>lV.</span> <span class='ocrx_word' id='word_1_74' title='bbox 999 1917 1042 1971; x_wconf 90' lang='lat' dir='ltr'>ep.</span> <span class='ocrx_word' id='word_1_75' title='bbox 1056 1897 1139 1966; x_wconf 82' lang='lat'>809.).</span> 
     </span>
    </p>
   </div>
   <div class='ocr_carea' id='block_1_8' title="bbox 174 2050 1170 2261">
    <p class='ocr_par' dir='ltr' id='par_1_8' title="bbox 174 2050 1170 2261">
     <span class='ocr_line' id='line_1_16' title="bbox 174 2050 1170 2155; baseline -0.008 -24"><span class='ocrx_word' id='word_1_76' title='bbox 174 2050 399 2151; x_wconf 74' lang='lat' dir='ltr'>Clarissimo</span> <span class='ocrx_word' id='word_1_77' title='bbox 418 2058 499 2128; x_wconf 74' lang='lat' dir='ltr'>&#39;viro</span> <span class='ocrx_word' id='word_1_78' title='bbox 524 2054 727 2130; x_wconf 82' lang='lat' dir='ltr'>erudils‘one</span> <span class='ocrx_word' id='word_1_79' title='bbox 752 2067 783 2127; x_wconf 87' lang='lat' dir='ltr'>et</span> <span class='ocrx_word' id='word_1_80' title='bbox 808 2056 938 2128; x_wconf 80' lang='lat' dir='ltr'>virtute</span> <span class='ocrx_word' id='word_1_81' title='bbox 959 2053 1170 2155; x_wconf 76' lang='lat' dir='ltr'>praesfanti</span> 
     </span>
     <span class='ocr_line' id='line_1_17' title="bbox 174 2153 1168 2261; baseline -0.004 -31"><span class='ocrx_word' id='word_1_82' title='bbox 174 2153 711 2231; x_wconf 80' lang='lat' dir='ltr'>InachimoCamerario</span> <span class='ocrx_word' id='word_1_83' title='bbox 727 2158 856 2261; x_wconf 85' lang='lat' dir='ltr'>fratri</span> <span class='ocrx_word' id='word_1_84' title='bbox 873 2184 941 2231; x_wconf 86' lang='lat' dir='ltr'>suo</span> <span class='ocrx_word' id='word_1_85' title='bbox 962 2157 1168 2240; x_wconf 83' lang='lat' dir='ltr'>carissimo,</span> 
     </span>
    </p>
   </div>
   <div class='ocr_carea' id='block_1_9' title="bbox 177 2280 1168 4009">
    <p class='ocr_par' dir='ltr' id='par_1_9' title="bbox 177 2280 1168 4009">
     <span class='ocr_line' id='line_1_18' title="bbox 180 2280 1168 2397; baseline -0.008 -16"><span class='ocrx_word' id='word_1_86' title='bbox 180 2293 231 2381; x_wconf 77' lang='lat' dir='ltr'>S·</span> <span class='ocrx_word' id='word_1_87' title='bbox 255 2305 305 2379; x_wconf 87' lang='lat' dir='ltr'>D.</span> <span class='ocrx_word' id='word_1_88' title='bbox 352 2304 421 2375; x_wconf 88' lang='lat' dir='ltr'>Dei</span> <span class='ocrx_word' id='word_1_89' title='bbox 435 2307 625 2392; x_wconf 82' lang='lat' dir='ltr'>beneficio,</span> <span class='ocrx_word' id='word_1_90' title='bbox 652 2320 685 2379; x_wconf 88' lang='lat' dir='ltr'>et</span> <span class='ocrx_word' id='word_1_91' title='bbox 698 2280 808 2376; x_wconf 63' lang='lat' dir='ltr'>ademi</span> <span class='ocrx_word' id='word_1_92' title='bbox 834 2319 870 2376; x_wconf 91' lang='lat' dir='ltr'>et</span> <span class='ocrx_word' id='word_1_93' title='bbox 891 2305 1052 2397; x_wconf 87' lang='lat' dir='ltr'>corporis</span> <span class='ocrx_word' id='word_1_94' title='bbox 1075 2304 1168 2374; x_wconf 85' lang='lat' dir='ltr'>vires</span> 
     </span>
     <span class='ocr_line' id='line_1_19' title="bbox 180 2399 1167 2500; baseline -0.001 -24"><span class='ocrx_word' id='word_1_95' title='bbox 180 2408 225 2479; x_wconf 84' lang='lat' dir='ltr'>io</span> <span class='ocrx_word' id='word_1_96' title='bbox 244 2404 411 2494; x_wconf 75' lang='lat' dir='ltr'>Principe</span> <span class='ocrx_word' id='word_1_97' title='bbox 430 2399 588 2500; x_wconf 81' lang='lat' dir='ltr'>Georgio</span> <span class='ocrx_word' id='word_1_98' title='bbox 617 2407 882 2480; x_wconf 80' lang='lat' dir='ltr'>confirmantur.</span> <span class='ocrx_word' id='word_1_99' title='bbox 939 2405 1036 2477; x_wconf 85' lang='lat' dir='ltr'>Pene</span> <span class='ocrx_word' id='word_1_100' title='bbox 1059 2421 1100 2478; x_wconf 91' lang='lat' dir='ltr'>ut</span> <span class='ocrx_word' id='word_1_101' title='bbox 1126 2430 1167 2475; x_wconf 83' lang='lat' dir='ltr'>ex</span> 
     </span>
     <span class='ocr_line' id='line_1_20' title="bbox 183 2504 1168 2595; baseline 0 -20"><span class='ocrx_word' id='word_1_102' title='bbox 183 2517 300 2576; x_wconf 87' lang='lat' dir='ltr'>morte</span> <span class='ocrx_word' id='word_1_103' title='bbox 320 2504 507 2576; x_wconf 86' lang='lat' dir='ltr'>reviviscit.</span> <span class='ocrx_word' id='word_1_104' title='bbox 560 2505 672 2595; x_wconf 86' lang='lat' dir='ltr'>Spero</span> <span class='ocrx_word' id='word_1_105' title='bbox 700 2521 736 2578; x_wconf 91' lang='lat' dir='ltr'>et</span> <span class='ocrx_word' id='word_1_106' title='bbox 762 2529 987 2595; x_wconf 84' lang='lat' dir='ltr'>congressum</span> <span class='ocrx_word' id='word_1_107' title='bbox 1008 2520 1108 2578; x_wconf 89' lang='lat' dir='ltr'>tuum</span> <span class='ocrx_word' id='word_1_108' title='bbox 1135 2506 1168 2576; x_wconf 92' lang='lat' dir='ltr'>ei</span> 
     </span>
     <span class='ocr_line' id='line_1_21' title="bbox 180 2601 1167 2703; baseline 0.004 -28"><span class='ocrx_word' id='word_1_109' title='bbox 180 2607 411 2698; x_wconf 86' lang='lat' dir='ltr'>profuturum</span> <span class='ocrx_word' id='word_1_110' title='bbox 430 2627 515 2679; x_wconf 88' lang='lat' dir='ltr'>esse.</span> <span class='ocrx_word' id='word_1_111' title='bbox 539 2601 936 2703; x_wconf 69' lang='grc' dir='ltr'><strong><em>παραμυθιῃικὸιγὰρ</em></strong></span> <span class='ocrx_word' id='word_1_112' title='bbox 952 2601 973 2676; x_wconf 82' lang='grc' dir='ltr'>ὁ</span> <span class='ocrx_word' id='word_1_113' title='bbox 987 2603 1093 2701; x_wconf 78' lang='grc' dir='ltr'><strong><em>φίλος</em></strong></span> <span class='ocrx_word' id='word_1_114' title='bbox 1104 2603 1167 2679; x_wconf 80' lang='grc' dir='ltr'>καὶ</span> 
     </span>
     <span class='ocr_line' id='line_1_22' title="bbox 178 2698 1168 2804; baseline 0.002 -25"><span class='ocrx_word' id='word_1_115' title='bbox 178 2709 226 2798; x_wconf 82' lang='grc' dir='ltr'>τῇ</span> <span class='ocrx_word' id='word_1_116' title='bbox 247 2703 332 2800; x_wconf 77' lang='grc' dir='ltr'><strong><em>ὄψει</em></strong></span> <span class='ocrx_word' id='word_1_117' title='bbox 357 2699 423 2776; x_wconf 75' lang='grc' dir='ltr'>καὶ</span> <span class='ocrx_word' id='word_1_118' title='bbox 445 2700 646 2804; x_wconf 73' lang='grc' dir='ltr'><strong><em>τῷλόγῳ,</em></strong></span> <span class='ocrx_word' id='word_1_119' title='bbox 675 2701 742 2778; x_wconf 77' lang='grc' dir='ltr'>ἐὰν</span> <span class='ocrx_word' id='word_1_120' title='bbox 763 2698 788 2801; x_wconf 83' lang='grc' dir='ltr'><strong><em>ἦ</em></strong></span> <span class='ocrx_word' id='word_1_121' title='bbox 812 2702 1005 2792; x_wconf 75' lang='grc' dir='ltr'><strong><em>ἐπιδέξιος,</em></strong></span> <span class='ocrx_word' id='word_1_122' title='bbox 1053 2708 1168 2802; x_wconf 86' lang='lat' dir='ltr'>inquit</span> 
     </span>
     <span class='ocr_line' id='line_1_23' title="bbox 177 2803 1165 2898; baseline 0 -19"><span class='ocrx_word' id='word_1_123' title='bbox 177 2803 400 2881; x_wconf 78' lang='lat' dir='ltr'>Aristoteles.</span> <span class='ocrx_word' id='word_1_124' title='bbox 450 2804 497 2879; x_wconf 86' lang='lat' dir='ltr'>Et</span> <span class='ocrx_word' id='word_1_125' title='bbox 512 2807 641 2879; x_wconf 89' lang='lat' dir='ltr'>fratres</span> <span class='ocrx_word' id='word_1_126' title='bbox 661 2808 767 2877; x_wconf 85' lang='lat' dir='ltr'>ambo</span> <span class='ocrx_word' id='word_1_127' title='bbox 785 2808 886 2877; x_wconf 79' lang='lat' dir='ltr'>valde</span> <span class='ocrx_word' id='word_1_128' title='bbox 901 2821 1042 2898; x_wconf 88' lang='lat' dir='ltr'>petunt,</span> <span class='ocrx_word' id='word_1_129' title='bbox 1067 2824 1105 2878; x_wconf 93' lang='lat' dir='ltr'>ut</span> <span class='ocrx_word' id='word_1_130' title='bbox 1121 2812 1165 2879; x_wconf 90' lang='lat' dir='ltr'>ad</span> 
     </span>
     <span class='ocr_line' id='line_1_24' title="bbox 178 2903 1166 3000; baseline 0.001 -23"><span class='ocrx_word' id='word_1_131' title='bbox 178 2908 274 3000; x_wconf 91' lang='lat' dir='ltr'>ipsos</span> <span class='ocrx_word' id='word_1_132' title='bbox 292 2906 488 2998; x_wconf 84' lang='lat' dir='ltr'>expatieris.</span> <span class='ocrx_word' id='word_1_133' title='bbox 527 2904 813 2998; x_wconf 85' lang='lat' dir='ltr'>Responsionem</span> <span class='ocrx_word' id='word_1_134' title='bbox 830 2910 876 2978; x_wconf 95' lang='lat' dir='ltr'>de</span> <span class='ocrx_word' id='word_1_135' title='bbox 890 2903 1072 2978; x_wconf 82' lang='lat' dir='ltr'>Stancari</span> <span class='ocrx_word' id='word_1_136' title='bbox 1080 2935 1166 2979; x_wconf 91' lang='lat' dir='ltr'>con·</span> 
     </span>
     <span class='ocr_line' id='line_1_25' title="bbox 177 3006 1167 3100; baseline -0.001 -19"><span class='ocrx_word' id='word_1_137' title='bbox 177 3007 347 3081; x_wconf 73' lang='lat' dir='ltr'>troversia</span> <span class='ocrx_word' id='word_1_138' title='bbox 365 3006 417 3077; x_wconf 90' lang='lat' dir='ltr'>ibi</span> <span class='ocrx_word' id='word_1_139' title='bbox 433 3007 641 3098; x_wconf 71' lang='lat' dir='ltr'>perscripsi,</span> <span class='ocrx_word' id='word_1_140' title='bbox 655 3030 746 3100; x_wconf 84' lang='lat' dir='ltr'>quac</span> <span class='ocrx_word' id='word_1_141' title='bbox 762 3011 874 3079; x_wconf 90' lang='lat' dir='ltr'>multo</span> <span class='ocrx_word' id='word_1_142' title='bbox 893 3023 994 3080; x_wconf 88' lang='lat' dir='ltr'>estet</span> <span class='ocrx_word' id='word_1_143' title='bbox 1013 3013 1167 3097; x_wconf 87' lang='lat' dir='ltr'>brevior,</span> 
     </span>
     <span class='ocr_line' id='line_1_26' title="bbox 179 3109 1165 3200; baseline 0.002 -19"><span class='ocrx_word' id='word_1_144' title='bbox 179 3122 214 3181; x_wconf 91' lang='lat' dir='ltr'>et</span> <span class='ocrx_word' id='word_1_145' title='bbox 227 3109 465 3193; x_wconf 70' lang='lat' dir='ltr'>summissior,</span> <span class='ocrx_word' id='word_1_146' title='bbox 498 3132 606 3200; x_wconf 90' lang='lat' dir='ltr'>quam</span> <span class='ocrx_word' id='word_1_147' title='bbox 626 3109 780 3197; x_wconf 90' lang='lat' dir='ltr'>postulat</span> <span class='ocrx_word' id='word_1_148' title='bbox 800 3111 1009 3200; x_wconf 71' lang='lat' dir='ltr'>magnitudo</span> <span class='ocrx_word' id='word_1_149' title='bbox 1030 3136 1165 3183; x_wconf 88' lang='lat' dir='ltr'>causae.</span> 
     </span>
     <span class='ocr_line' id='line_1_27' title="bbox 178 3204 1166 3283; baseline -0.001 0"><span class='ocrx_word' id='word_1_150' title='bbox 178 3207 246 3283; x_wconf 78' lang='lat' dir='ltr'>Sed</span> <span class='ocrx_word' id='word_1_151' title='bbox 270 3204 454 3279; x_wconf 79' lang='lat' dir='ltr'>honrinem</span> <span class='ocrx_word' id='word_1_152' title='bbox 478 3207 686 3279; x_wconf 89' lang='lat' dir='ltr'>iracundum</span> <span class='ocrx_word' id='word_1_153' title='bbox 713 3223 747 3280; x_wconf 93' lang='lat' dir='ltr'>et</span> <span class='ocrx_word' id='word_1_154' title='bbox 766 3210 934 3281; x_wconf 77' lang='lat' dir='ltr'>biliosum</span> <span class='ocrx_word' id='word_1_155' title='bbox 962 3237 1035 3281; x_wconf 90' lang='lat' dir='ltr'>non</span> <span class='ocrx_word' id='word_1_156' title='bbox 1068 3213 1166 3283; x_wconf 89' lang='lat' dir='ltr'>volui</span> 
     </span>
     <span class='ocr_line' id='line_1_28' title="bbox 179 3306 1165 3400; baseline 0 -17"><span class='ocrx_word' id='word_1_157' title='bbox 179 3313 377 3383; x_wconf 80' lang='lat' dir='ltr'>accendere.</span> <span class='ocrx_word' id='word_1_158' title='bbox 437 3306 493 3379; x_wconf 91' lang='lat' dir='ltr'>De</span> <span class='ocrx_word' id='word_1_159' title='bbox 519 3308 654 3400; x_wconf 86' lang='lat' dir='ltr'>reipsa</span> <span class='ocrx_word' id='word_1_160' title='bbox 678 3311 859 3381; x_wconf 80' lang='lat' dir='ltr'>vobiscum</span> <span class='ocrx_word' id='word_1_161' title='bbox 882 3312 1036 3382; x_wconf 85' lang='lat' dir='ltr'>libenter</span> <span class='ocrx_word' id='word_1_162' title='bbox 1054 3314 1165 3384; x_wconf 91' lang='lat' dir='ltr'>collo-</span> 
     </span>
     <span class='ocr_line' id='line_1_29' title="bbox 179 3408 1165 3504; baseline 0.002 -23"><span class='ocrx_word' id='word_1_163' title='bbox 179 3434 315 3504; x_wconf 84' lang='lat' dir='ltr'>querer.</span> <span class='ocrx_word' id='word_1_164' title='bbox 367 3408 419 3481; x_wconf 86' lang='lat' dir='ltr'>Et</span> <span class='ocrx_word' id='word_1_165' title='bbox 432 3412 477 3481; x_wconf 91' lang='lat' dir='ltr'>ad</span> <span class='ocrx_word' id='word_1_166' title='bbox 496 3435 560 3480; x_wconf 87' lang='lat' dir='ltr'>vos</span> <span class='ocrx_word' id='word_1_167' title='bbox 573 3412 746 3482; x_wconf 88' lang='lat' dir='ltr'>accedam.</span> <span class='ocrx_word' id='word_1_168' title='bbox 795 3409 877 3500; x_wconf 88' lang='lat' dir='ltr'>Quo</span> <span class='ocrx_word' id='word_1_169' title='bbox 894 3413 1036 3485; x_wconf 81' lang='lat' dir='ltr'>festinat</span> <span class='ocrx_word' id='word_1_170' title='bbox 1049 3429 1165 3484; x_wconf 84' lang='lat' dir='ltr'>eutem</span> 
     </span>
     <span class='ocr_line' id='line_1_30' title="bbox 179 3505 1167 3608; baseline 0.004 -27"><span class='ocrx_word' id='word_1_171' title='bbox 179 3505 422 3605; x_wconf 82' lang='lat' dir='ltr'>Aeacides¹),</span> <span class='ocrx_word' id='word_1_172' title='bbox 469 3525 657 3608; x_wconf 81' lang='lat' dir='ltr'>postquam</span> <span class='ocrx_word' id='word_1_173' title='bbox 698 3511 790 3582; x_wconf 84' lang='lat' dir='ltr'>intra</span> <span class='ocrx_word' id='word_1_174' title='bbox 828 3505 951 3607; x_wconf 63' lang='lat' dir='ltr'>isses</span> <span class='ocrx_word' id='word_1_175' title='bbox 969 3511 1007 3608; x_wconf 81' lang='lat'>²)</span> <span class='ocrx_word' id='word_1_176' title='bbox 1045 3516 1167 3586; x_wconf 84' lang='lat' dir='ltr'>venit?</span> 
     </span>
     <span class='ocr_line' id='line_1_31' title="bbox 182 3606 1163 3705; baseline 0 -20"><span class='ocrx_word' id='word_1_177' title='bbox 182 3606 263 3685; x_wconf 78' lang='lat' dir='ltr'>Etsi</span> <span class='ocrx_word' id='word_1_178' title='bbox 277 3612 366 3705; x_wconf 86' lang='lat' dir='ltr'>qnid</span> <span class='ocrx_word' id='word_1_179' title='bbox 379 3625 518 3701; x_wconf 88' lang='lat' dir='ltr'>agetur,</span> <span class='ocrx_word' id='word_1_180' title='bbox 541 3612 745 3683; x_wconf 89' lang='lat' dir='ltr'>ratiocinari</span> <span class='ocrx_word' id='word_1_181' title='bbox 764 3636 838 3683; x_wconf 90' lang='lat' dir='ltr'>non</span> <span class='ocrx_word' id='word_1_182' title='bbox 858 3637 1021 3705; x_wconf 88' lang='lat' dir='ltr'>possum,</span> <span class='ocrx_word' id='word_1_183' title='bbox 1048 3629 1163 3686; x_wconf 90' lang='lat' dir='ltr'>tamen</span> 
     </span>
     <span class='ocr_line' id='line_1_32' title="bbox 183 3712 1165 3787; baseline 0.004 -4"><span class='ocrx_word' id='word_1_184' title='bbox 183 3734 258 3783; x_wconf 77' lang='lat' dir='ltr'>noe</span> <span class='ocrx_word' id='word_1_185' title='bbox 271 3735 351 3783; x_wconf 90' lang='lat' dir='ltr'>sum</span> <span class='ocrx_word' id='word_1_186' title='bbox 367 3712 443 3783; x_wconf 89' lang='lat' dir='ltr'>sine</span> <span class='ocrx_word' id='word_1_187' title='bbox 457 3713 578 3783; x_wconf 90' lang='lat' dir='ltr'>dolore</span> <span class='ocrx_word' id='word_1_188' title='bbox 591 3728 625 3784; x_wconf 87' lang='lat' dir='ltr'>et</span> <span class='ocrx_word' id='word_1_189' title='bbox 647 3715 723 3786; x_wconf 82' lang='lat' dir='ltr'>siue</span> <span class='ocrx_word' id='word_1_190' title='bbox 736 3728 846 3785; x_wconf 88' lang='lat' dir='ltr'>metu.</span> <span class='ocrx_word' id='word_1_191' title='bbox 893 3713 963 3785; x_wconf 88' lang='lat' dir='ltr'>Sed</span> <span class='ocrx_word' id='word_1_192' title='bbox 988 3718 1165 3787; x_wconf 85' lang='lat' dir='ltr'>discamus</span> 
     </span>
     <span class='ocr_line' id='line_1_33' title="bbox 183 3808 1165 3904; baseline 0.001 -15"><span class='ocrx_word' id='word_1_193' title='bbox 183 3835 258 3889; x_wconf 76' lang='lat' dir='ltr'>uon</span> <span class='ocrx_word' id='word_1_194' title='bbox 270 3808 436 3885; x_wconf 85' lang='lat' dir='ltr'>humanis</span> <span class='ocrx_word' id='word_1_195' title='bbox 451 3815 646 3904; x_wconf 85' lang='lat' dir='ltr'>praesidiis,</span> <span class='ocrx_word' id='word_1_196' title='bbox 670 3839 795 3887; x_wconf 84' lang='lat' dir='ltr'>verum</span> <span class='ocrx_word' id='word_1_197' title='bbox 810 3817 931 3886; x_wconf 84' lang='lat' dir='ltr'>dextra</span> <span class='ocrx_word' id='word_1_198' title='bbox 949 3817 1015 3886; x_wconf 87' lang='lat' dir='ltr'>filii</span> <span class='ocrx_word' id='word_1_199' title='bbox 1028 3815 1165 3890; x_wconf 81' lang='lat' dir='ltr'>deiEc-</span> 
     </span>
     <span class='ocr_line' id='line_1_34' title="bbox 184 3913 941 4009; baseline -0.003 -19"><span class='ocrx_word' id='word_1_200' title='bbox 184 3913 320 3990; x_wconf 75' lang='lat' dir='ltr'>tlesism</span> <span class='ocrx_word' id='word_1_201' title='bbox 337 3915 487 4008; x_wconf 84' lang='lat' dir='ltr'>protegi.</span> <span class='ocrx_word' id='word_1_202' title='bbox 536 3914 688 3988; x_wconf 84' lang='lat' dir='ltr'>Litteras</span> <span class='ocrx_word' id='word_1_203' title='bbox 701 3941 723 3987; x_wconf 92' lang='lat' dir='ltr'>a</span> <span class='ocrx_word' id='word_1_204' title='bbox 737 3928 772 3988; x_wconf 87' lang='lat' dir='ltr'>tc</span> <span class='ocrx_word' id='word_1_205' title='bbox 787 3930 941 4009; x_wconf 83' lang='lat' dir='ltr'>experto.</span> 
     </span>
    </p>
   </div>
   <div class='ocr_carea' id='block_1_10' title="bbox 177 4096 1164 4579">
    <p class='ocr_par' dir='ltr' id='par_1_10' title="bbox 177 4096 1164 4579">
     <span class='ocr_line' id='line_1_35' title="bbox 283 4096 1164 4196; baseline -0.001 -25"><span class='ocrx_word' id='word_1_206' title='bbox 283 4096 365 4171; x_wconf 84' lang='lat' dir='ltr'>Mea</span> <span class='ocrx_word' id='word_1_207' title='bbox 379 4100 535 4172; x_wconf 85' lang='lat' dir='ltr'>coniunx</span> <span class='ocrx_word' id='word_1_208' title='bbox 549 4102 720 4192; x_wconf 88' lang='lat' dir='ltr'>paulatim</span> <span class='ocrx_word' id='word_1_209' title='bbox 736 4102 968 4187; x_wconf 83' lang='lat' dir='ltr'>contabescit,</span> <span class='ocrx_word' id='word_1_210' title='bbox 981 4128 1051 4196; x_wconf 88' lang='lat' dir='ltr'>qua</span> <span class='ocrx_word' id='word_1_211' title='bbox 1068 4101 1107 4171; x_wconf 93' lang='lat' dir='ltr'>in</span> <span class='ocrx_word' id='word_1_212' title='bbox 1126 4125 1164 4171; x_wconf 90' lang='lat' dir='ltr'>re</span> 
     </span>
     <span class='ocr_line' id='line_1_36' title="bbox 181 4193 1164 4296; baseline -0.004 -19"><span class='ocrx_word' id='word_1_213' title='bbox 181 4193 249 4277; x_wconf 77' lang='lat' dir='ltr'>hoo</span> <span class='ocrx_word' id='word_1_214' title='bbox 265 4194 352 4271; x_wconf 87' lang='lat' dir='ltr'>milti</span> <span class='ocrx_word' id='word_1_215' title='bbox 369 4203 582 4273; x_wconf 88' lang='lat' dir='ltr'>moesticiam</span> <span class='ocrx_word' id='word_1_216' title='bbox 603 4204 708 4288; x_wconf 90' lang='lat' dir='ltr'>lenit,</span> <span class='ocrx_word' id='word_1_217' title='bbox 733 4206 828 4296; x_wconf 90' lang='lat' dir='ltr'>qnod</span> <span class='ocrx_word' id='word_1_218' title='bbox 852 4225 952 4274; x_wconf 88' lang='lat' dir='ltr'>mens</span> <span class='ocrx_word' id='word_1_219' title='bbox 970 4205 1047 4274; x_wconf 91' lang='lat' dir='ltr'>eius</span> <span class='ocrx_word' id='word_1_220' title='bbox 1070 4204 1164 4273; x_wconf 88' lang='lat' dir='ltr'>inte-</span> 
     </span>
     <span class='ocr_line' id='line_1_37' title="bbox 178 4299 1162 4397; baseline 0.002 -24"><span class='ocrx_word' id='word_1_221' title='bbox 178 4320 245 4395; x_wconf 77' lang='lat' dir='ltr'>gra.</span> <span class='ocrx_word' id='word_1_222' title='bbox 258 4315 295 4383; x_wconf 78' lang='lat' dir='ltr'>et</span> <span class='ocrx_word' id='word_1_223' title='bbox 303 4303 525 4376; x_wconf 71' lang='lat' dir='ltr'>mediocriter</span> <span class='ocrx_word' id='word_1_224' title='bbox 536 4305 726 4397; x_wconf 85' lang='lat' dir='ltr'>tranquilla</span> <span class='ocrx_word' id='word_1_225' title='bbox 743 4306 860 4376; x_wconf 88' lang='lat' dir='ltr'>estdei</span> <span class='ocrx_word' id='word_1_226' title='bbox 874 4304 1056 4381; x_wconf 83' lang='lat' dir='ltr'>beneficio.</span> <span class='ocrx_word' id='word_1_227' title='bbox 1083 4299 1162 4375; x_wconf 88' lang='lat' dir='ltr'>Oro</span> 
     </span>
     <span class='ocr_line' id='line_1_38' title="bbox 177 4400 1162 4498; baseline -0.001 -23"><span class='ocrx_word' id='word_1_228' title='bbox 177 4400 291 4475; x_wconf 82' lang='lat' dir='ltr'>filium</span> <span class='ocrx_word' id='word_1_229' title='bbox 308 4400 394 4487; x_wconf 83' lang='lat' dir='ltr'>Dei,</span> <span class='ocrx_word' id='word_1_230' title='bbox 420 4417 460 4473; x_wconf 92' lang='lat' dir='ltr'>ut</span> <span class='ocrx_word' id='word_1_231' title='bbox 474 4419 507 4474; x_wconf 90' lang='lat' dir='ltr'>te</span> <span class='ocrx_word' id='word_1_232' title='bbox 523 4420 557 4477; x_wconf 94' lang='lat' dir='ltr'>et</span> <span class='ocrx_word' id='word_1_233' title='bbox 571 4419 650 4477; x_wconf 90' lang='lat' dir='ltr'>tuos</span> <span class='ocrx_word' id='word_1_234' title='bbox 664 4419 833 4498; x_wconf 89' lang='lat' dir='ltr'>protegat.</span> <span class='ocrx_word' id='word_1_235' title='bbox 882 4404 984 4477; x_wconf 87' lang='lat' dir='ltr'>Bene</span> <span class='ocrx_word' id='word_1_236' title='bbox 997 4417 1034 4477; x_wconf 82' lang='lat' dir='ltr'>et</span> <span class='ocrx_word' id='word_1_237' title='bbox 1049 4406 1162 4476; x_wconf 88' lang='lat' dir='ltr'>felici-</span> 
     </span>
     <span class='ocr_line' id='line_1_39' title="bbox 178 4502 555 4579; baseline 0.016 -6"><span class='ocrx_word' id='word_1_238' title='bbox 178 4514 232 4573; x_wconf 85' lang='lat' dir='ltr'>ter</span> <span class='ocrx_word' id='word_1_239' title='bbox 243 4503 333 4577; x_wconf 85' lang='lat' dir='ltr'>vale.</span> <span class='ocrx_word' id='word_1_240' title='bbox 385 4502 454 4574; x_wconf 88' lang='lat' dir='ltr'>Die</span> <span class='ocrx_word' id='word_1_241' title='bbox 471 4505 555 4579; x_wconf 87' lang='lat' dir='ltr'>Viti.</span> 
     </span>
    </p>
   </div>
   <div class='ocr_carea' id='block_1_11' title="bbox 913 4649 1112 4751">
    <p class='ocr_par' dir='ltr' id='par_1_11' title="bbox 913 4649 1112 4751">
     <span class='ocr_line' id='line_1_40' title="bbox 913 4649 1112 4751; baseline 0.005 -25"><span class='ocrx_word' id='word_1_242' title='bbox 913 4649 1112 4751; x_wconf 86' lang='lat' dir='ltr'>Philippus.</span> 
     </span>
    </p>
   </div>
   <div class='ocr_carea' id='block_1_12' title="bbox 175 4816 373 4838">
    <p class='ocr_par' dir='ltr' id='par_1_12' title="bbox 175 4816 373 4838">
     <span class='ocr_line' id='line_1_41' title="bbox 175 4816 373 4838; baseline 0 0"><span class='ocrx_word' id='word_1_243' title='bbox 175 4816 373 4838; x_wconf 46' lang='grc' dir='ltr'>*ιν-</span> 
     </span>
    </p>
   </div>
   <div class='ocr_carea' id='block_1_13' title="bbox 207 4903 807 5072">
    <p class='ocr_par' dir='ltr' id='par_1_13' title="bbox 207 4903 807 5072">
     <span class='ocr_line' id='line_1_42' title="bbox 209 4903 807 4978; baseline 0.002 -12"><span class='ocrx_word' id='word_1_244' title='bbox 209 4903 408 4978; x_wconf 56' lang='grc' dir='ltr'>ἢθάιηδὴ,</span> <span class='ocrx_word' id='word_1_245' title='bbox 426 4907 529 4961; x_wconf 85' lang='lat' dir='ltr'>mortni</span> <span class='ocrx_word' id='word_1_246' title='bbox 543 4926 636 4963; x_wconf 73' lang='lat' dir='ltr'>nense</span> <span class='ocrx_word' id='word_1_247' title='bbox 651 4908 716 4968; x_wconf 89' lang='lat' dir='ltr'>Oet.</span> <span class='ocrx_word' id='word_1_248' title='bbox 732 4911 807 4967; x_wconf 74' lang='lat'>1⁵62</span> 
     </span>
     <span class='ocr_line' id='line_1_43' title="bbox 207 5004 666 5072; baseline 0.011 -15"><span class='ocrx_word' id='word_1_249' title='bbox 207 5004 240 5072; x_wconf 76' lang='lat' dir='ltr'>i)</span> <span class='ocrx_word' id='word_1_250' title='bbox 258 5005 386 5061; x_wconf 60' lang='lat' dir='ltr'>ilbertus</span> <span class='ocrx_word' id='word_1_251' title='bbox 400 5005 535 5061; x_wconf 79' lang='lat' dir='ltr'>blarcbio.</span> <span class='ocrx_word' id='word_1_252' title='bbox 568 5005 666 5062; x_wconf 69' lang='lat' dir='ltr'>QW.</span> 
     </span>
    </p>
   </div>
   <div class='ocr_carea' id='block_1_14' title="bbox 207 5103 819 5174">
    <p class='ocr_par' dir='ltr' id='par_1_14' title="bbox 207 5103 819 5174">
     <span class='ocr_line' id='line_1_44' title="bbox 207 5103 819 5174; baseline 0.005 -14"><span class='ocrx_word' id='word_1_253' title='bbox 207 5103 239 5172; x_wconf 74' lang='lat'>2)</span> <span class='ocrx_word' id='word_1_254' title='bbox 259 5104 358 5174; x_wconf 60' lang='lat' dir='ltr'>hiae]</span> <span class='ocrx_word' id='word_1_255' title='bbox 374 5104 405 5160; x_wconf 90' lang='lat' dir='ltr'>in</span> <span class='ocrx_word' id='word_1_256' title='bbox 417 5106 572 5165; x_wconf 79' lang='lat' dir='ltr'>Saronicus.</span> <span class='ocrx_word' id='word_1_257' title='bbox 607 5105 714 5165; x_wconf 61' lang='lat' dir='ltr'>GW.</span> <span class='ocrx_word' id='word_1_258' title='bbox 774 5159 780 5169; x_wconf 83' lang='grc'><strong>,</strong></span> <span class='ocrx_word' id='word_1_259' title='bbox 816 5148 819 5153; x_wconf 89' lang='grc'>-</span> 
     </span>
    </p>
   </div>
   <div class='ocr_carea' id='block_1_15' title="bbox 743 128 1632 211">
    <p class='ocr_par' dir='ltr' id='par_1_15' title="bbox 743 128 1632 211">
     <span class='ocr_line' id='line_1_45' title="bbox 743 128 1632 211; baseline 0.002 -2"><span class='ocrx_word' id='word_1_260' title='bbox 743 132 1178 209; x_wconf 75' lang='lat' dir='ltr'>Ertsroulttutu</span> <span class='ocrx_word' id='word_1_261' title='bbox 1232 128 1444 211; x_wconf 87' lang='lat' dir='ltr'>l.lB.llll.</span> <span class='ocrx_word' id='word_1_262' title='bbox 1498 132 1632 211; x_wconf 74' lang='grc'><strong>1658.</strong></span> 
     </span>
    </p>
   </div>
   <div class='ocr_carea' id='block_1_16' title="bbox 1571 499 1859 611">
    <p class='ocr_par' dir='ltr' id='par_1_16' title="bbox 1571 499 1859 611">
     <span class='ocr_line' id='line_1_46' title="bbox 1571 499 1859 611; baseline -0.01 -25"><span class='ocrx_word' id='word_1_263' title='bbox 1571 499 1682 611; x_wconf 76' lang='lat' dir='ltr'>Cpit.</span> <span class='ocrx_word' id='word_1_264' title='bbox 1714 499 1859 586; x_wconf 73' lang='lat' dir='ltr'>Liuio.</span> 
     </span>
    </p>
   </div>
   <div class='ocr_carea' id='block_1_17' title="bbox 1284 657 2200 797">
    <p class='ocr_par' dir='ltr' id='par_1_17' title="bbox 1284 657 2200 797">
     <span class='ocr_line' id='line_1_47' title="bbox 1284 657 2200 726; baseline -0.001 -13"><span class='ocrx_word' id='word_1_265' title='bbox 1284 659 1321 712; x_wconf 83' lang='lat' dir='ltr'>Er</span> <span class='ocrx_word' id='word_1_266' title='bbox 1339 669 1445 726; x_wconf 75' lang='lat' dir='ltr'>autogr.</span> <span class='ocrx_word' id='word_1_267' title='bbox 1464 657 1530 712; x_wconf 83' lang='lat' dir='ltr'>Mel.</span> <span class='ocrx_word' id='word_1_268' title='bbox 1550 657 1577 708; x_wconf 93' lang='lat' dir='ltr'>in</span> <span class='ocrx_word' id='word_1_269' title='bbox 1598 658 1661 712; x_wconf 86' lang='lat' dir='ltr'>cod.</span> <span class='ocrx_word' id='word_1_270' title='bbox 1679 657 1753 713; x_wconf 80' lang='lat' dir='ltr'>Seid.</span> <span class='ocrx_word' id='word_1_271' title='bbox 1774 658 1871 717; x_wconf 85' lang='lat' dir='ltr'>Dresd.</span> <span class='ocrx_word' id='word_1_272' title='bbox 1890 658 1961 714; x_wconf 82' lang='lat' dir='ltr'>edita</span> <span class='ocrx_word' id='word_1_273' title='bbox 1985 658 2015 714; x_wconf 83' lang='lat' dir='ltr'>in</span> <span class='ocrx_word' id='word_1_274' title='bbox 2035 659 2200 724; x_wconf 72' lang='lat' dir='ltr'>Wgscbes&#39;·</span> 
     </span>
     <span class='ocr_line' id='line_1_48' title="bbox 1327 723 1659 797; baseline -0.006 -16"><span class='ocrx_word' id='word_1_275' title='bbox 1327 731 1392 781; x_wconf 84' lang='lat' dir='ltr'>deri</span> <span class='ocrx_word' id='word_1_276' title='bbox 1413 731 1508 797; x_wconf 75' lang='lat' dir='ltr'>Progr.</span> <span class='ocrx_word' id='word_1_277' title='bbox 1527 723 1548 778; x_wconf 91' lang='lat' dir='ltr'>l.</span> <span class='ocrx_word' id='word_1_278' title='bbox 1568 740 1611 795; x_wconf 79' lang='lat' dir='ltr'>ep.</span> <span class='ocrx_word' id='word_1_279' title='bbox 1633 725 1659 780; x_wconf 81' lang='lat'>7.</span> 
     </span>
    </p>
   </div>
   <div class='ocr_carea' id='block_1_18' title="bbox 1214 875 2204 1076">
    <p class='ocr_par' dir='ltr' id='par_1_18' title="bbox 1214 875 2204 1076">
     <span class='ocr_line' id='line_1_49' title="bbox 1214 875 2204 979; baseline -0.004 -22"><span class='ocrx_word' id='word_1_280' title='bbox 1214 878 1429 957; x_wconf 77' lang='lat' dir='ltr'>Reverendo</span> <span class='ocrx_word' id='word_1_281' title='bbox 1452 881 1530 950; x_wconf 74' lang='lat' dir='ltr'>viro</span> <span class='ocrx_word' id='word_1_282' title='bbox 1549 875 1751 950; x_wconf 79' lang='lat' dir='ltr'>eruditione</span> <span class='ocrx_word' id='word_1_283' title='bbox 1776 890 1808 950; x_wconf 86' lang='lat' dir='ltr'>et</span> <span class='ocrx_word' id='word_1_284' title='bbox 1838 877 1968 950; x_wconf 73' lang='lat' dir='ltr'>virtute</span> <span class='ocrx_word' id='word_1_285' title='bbox 1994 883 2204 979; x_wconf 81' lang='lat' dir='ltr'>praestanti</span> 
     </span>
     <span class='ocr_line' id='line_1_50' title="bbox 1215 975 2201 1076; baseline -0.003 -18"><span class='ocrx_word' id='word_1_286' title='bbox 1215 984 1270 1061; x_wconf 89' lang='lat' dir='ltr'>D.</span> <span class='ocrx_word' id='word_1_287' title='bbox 1296 975 1645 1076; x_wconf 80' lang='lat' dir='ltr'>Christoplsoro</span> <span class='ocrx_word' id='word_1_288' title='bbox 1666 976 1824 1076; x_wconf 76' lang='lat' dir='ltr'>Libyn</span> <span class='ocrx_word' id='word_1_289' title='bbox 1850 975 2001 1051; x_wconf 75' lang='lat' dir='ltr'>Rrstori</span> <span class='ocrx_word' id='word_1_290' title='bbox 2013 980 2201 1055; x_wconf 83' lang='lat' dir='ltr'>Ecclesiae</span> 
     </span>
    </p>
   </div>
   <div class='ocr_carea' id='block_1_19' title="bbox 1240 1079 2175 1181">
    <p class='ocr_par' dir='ltr' id='par_1_19' title="bbox 1240 1079 2175 1181">
     <span class='ocr_line' id='line_1_51' title="bbox 1240 1079 2175 1181; baseline 0.002 -26"><span class='ocrx_word' id='word_1_291' title='bbox 1240 1082 1301 1156; x_wconf 85' lang='lat' dir='ltr'>dei</span> <span class='ocrx_word' id='word_1_292' title='bbox 1325 1084 1364 1155; x_wconf 84' lang='lat' dir='ltr'>in</span> <span class='ocrx_word' id='word_1_293' title='bbox 1392 1082 1502 1152; x_wconf 76' lang='lat' dir='ltr'>reteri</span> <span class='ocrx_word' id='word_1_294' title='bbox 1525 1106 1607 1152; x_wconf 85' lang='lat' dir='ltr'>arce</span> <span class='ocrx_word' id='word_1_295' title='bbox 1633 1079 1796 1175; x_wconf 81' lang='lat' dir='ltr'>Brenni,</span> <span class='ocrx_word' id='word_1_296' title='bbox 1816 1079 1945 1181; x_wconf 83' lang='lat' dir='ltr'>fratri</span> <span class='ocrx_word' id='word_1_297' title='bbox 1964 1106 2032 1154; x_wconf 86' lang='lat' dir='ltr'>suo</span> <span class='ocrx_word' id='word_1_298' title='bbox 2048 1084 2175 1159; x_wconf 84' lang='lat' dir='ltr'>cariss.</span> 
     </span>
    </p>
   </div>
   <div class='ocr_carea' id='block_1_20' title="bbox 1210 1217 2234 3131">
    <p class='ocr_par' dir='ltr' id='par_1_20' title="bbox 1210 1217 2234 3131">
     <span class='ocr_line' id='line_1_52' title="bbox 1218 1217 2202 1321; baseline 0.001 -21"><span class='ocrx_word' id='word_1_299' title='bbox 1218 1217 1268 1306; x_wconf 87' lang='lat' dir='ltr'>S.</span> <span class='ocrx_word' id='word_1_300' title='bbox 1293 1229 1339 1306; x_wconf 88' lang='grc' dir='ltr'>Ι).</span> <span class='ocrx_word' id='word_1_301' title='bbox 1389 1227 1598 1300; x_wconf 89' lang='lat' dir='ltr'>Reverende</span> <span class='ocrx_word' id='word_1_302' title='bbox 1613 1230 1668 1301; x_wconf 89' lang='lat' dir='ltr'>vir</span> <span class='ocrx_word' id='word_1_303' title='bbox 1687 1245 1721 1301; x_wconf 89' lang='lat' dir='ltr'>et</span> <span class='ocrx_word' id='word_1_304' title='bbox 1737 1233 1855 1302; x_wconf 89' lang='lat' dir='ltr'>cariss.</span> <span class='ocrx_word' id='word_1_305' title='bbox 1873 1229 1991 1302; x_wconf 92' lang='lat' dir='ltr'>frater.</span> <span class='ocrx_word' id='word_1_306' title='bbox 2038 1229 2093 1321; x_wconf 78' lang='lat' dir='ltr'>¹Ut</span> <span class='ocrx_word' id='word_1_307' title='bbox 2109 1229 2202 1301; x_wconf 88' lang='lat' dir='ltr'>Pau·</span> 
     </span>
     <span class='ocr_line' id='line_1_53' title="bbox 1217 1322 2202 1426; baseline 0.001 -25"><span class='ocrx_word' id='word_1_308' title='bbox 1217 1334 1274 1401; x_wconf 90' lang='lat' dir='ltr'>lus</span> <span class='ocrx_word' id='word_1_309' title='bbox 1289 1331 1408 1424; x_wconf 91' lang='lat' dir='ltr'>inquit</span> <span class='ocrx_word' id='word_1_310' title='bbox 1422 1333 1466 1399; x_wconf 89' lang='lat' dir='ltr'>de</span> <span class='ocrx_word' id='word_1_311' title='bbox 1484 1325 1734 1421; x_wconf 84' lang='lat' dir='ltr'>Onesiphoro,</span> <span class='ocrx_word' id='word_1_312' title='bbox 1758 1325 1839 1423; x_wconf 70' lang='lat' dir='ltr'>dein</span> <span class='ocrx_word' id='word_1_313' title='bbox 1853 1330 1949 1410; x_wconf 74' lang='grc' dir='ltr'><strong><em>ἔλεος</em></strong></span> <span class='ocrx_word' id='word_1_314' title='bbox 1970 1327 1990 1403; x_wconf 85' lang='lat' dir='ltr'>d</span> <span class='ocrx_word' id='word_1_315' title='bbox 2007 1322 2135 1426; x_wconf 77' lang='grc' dir='ltr'><strong><em>κύριος</em></strong></span> <span class='ocrx_word' id='word_1_316' title='bbox 2147 1337 2202 1426; x_wconf 77' lang='grc' dir='ltr'>τῷ</span> 
     </span>
     <span class='ocr_line' id='line_1_54' title="bbox 1210 1423 2203 1527; baseline 0.005 -26"><span class='ocrx_word' id='word_1_317' title='bbox 1210 1423 1464 1527; x_wconf 76' lang='grc' dir='ltr'><em>Ὀνησιφόρου</em></span> <span class='ocrx_word' id='word_1_318' title='bbox 1486 1431 1595 1524; x_wconf 78' lang='grc' dir='ltr'><strong><em>οἴκῳ,</em></strong></span> <span class='ocrx_word' id='word_1_319' title='bbox 1629 1427 1687 1503; x_wconf 83' lang='grc' dir='ltr'>ὅτι</span> <span class='ocrx_word' id='word_1_320' title='bbox 1709 1425 1882 1512; x_wconf 79' lang='grc' dir='ltr'><strong><em>πολλάκις</em></strong></span> <span class='ocrx_word' id='word_1_321' title='bbox 1911 1456 1958 1524; x_wconf 73' lang='grc' dir='ltr'>με</span> <span class='ocrx_word' id='word_1_322' title='bbox 1992 1428 2203 1526; x_wconf 44' lang='lat' dir='ltr'>dividuis),</span> 
     </span>
     <span class='ocr_line' id='line_1_55' title="bbox 1218 1529 2204 1630; baseline 0 -28"><span class='ocrx_word' id='word_1_323' title='bbox 1218 1533 1268 1603; x_wconf 91' lang='lat' dir='ltr'>sic</span> <span class='ocrx_word' id='word_1_324' title='bbox 1283 1555 1348 1601; x_wconf 86' lang='lat' dir='ltr'>nos</span> <span class='ocrx_word' id='word_1_325' title='bbox 1363 1533 1453 1600; x_wconf 90' lang='lat' dir='ltr'>bene</span> <span class='ocrx_word' id='word_1_326' title='bbox 1470 1555 1651 1621; x_wconf 90' lang='lat' dir='ltr'>precemur</span> <span class='ocrx_word' id='word_1_327' title='bbox 1663 1537 1719 1626; x_wconf 79' lang='grc' dir='ltr'>τῷ</span> <span class='ocrx_word' id='word_1_328' title='bbox 1733 1529 2047 1630; x_wconf 75' lang='grc' dir='ltr'><strong><em>ἀρχιγραμματεῖ,</em></strong></span> <span class='ocrx_word' id='word_1_329' title='bbox 2069 1557 2109 1605; x_wconf 87' lang='lat' dir='ltr'>ac</span> <span class='ocrx_word' id='word_1_330' title='bbox 2123 1556 2204 1603; x_wconf 88' lang='lat' dir='ltr'>ore-</span> 
     </span>
     <span class='ocr_line' id='line_1_56' title="bbox 1218 1626 2201 1728; baseline 0.004 -26"><span class='ocrx_word' id='word_1_331' title='bbox 1218 1656 1299 1702; x_wconf 90' lang='lat' dir='ltr'>mus</span> <span class='ocrx_word' id='word_1_332' title='bbox 1320 1632 1434 1700; x_wconf 85' lang='lat' dir='ltr'>filium</span> <span class='ocrx_word' id='word_1_333' title='bbox 1457 1631 1534 1712; x_wconf 89' lang='lat' dir='ltr'>dei,</span> <span class='ocrx_word' id='word_1_334' title='bbox 1568 1644 1608 1701; x_wconf 90' lang='lat' dir='ltr'>ut</span> <span class='ocrx_word' id='word_1_335' title='bbox 1627 1633 1733 1704; x_wconf 89' lang='lat' dir='ltr'>faciat</span> <span class='ocrx_word' id='word_1_336' title='bbox 1755 1658 1835 1703; x_wconf 90' lang='lat' dir='ltr'>eum</span> <span class='ocrx_word' id='word_1_337' title='bbox 1860 1657 1941 1704; x_wconf 87' lang='lat' dir='ltr'>vere</span> <span class='ocrx_word' id='word_1_338' title='bbox 1960 1626 2201 1728; x_wconf 72' lang='grc' dir='ltr'><strong><em>ὀνησιφόρον,</em></strong></span> 
     </span>
     <span class='ocr_line' id='line_1_57' title="bbox 1219 1731 2203 1823; baseline 0.002 -21"><span class='ocrx_word' id='word_1_339' title='bbox 1219 1747 1256 1804; x_wconf 88' lang='lat' dir='ltr'>et</span> <span class='ocrx_word' id='word_1_340' title='bbox 1271 1732 1453 1802; x_wconf 89' lang='lat' dir='ltr'>confirmet</span> <span class='ocrx_word' id='word_1_341' title='bbox 1468 1732 1502 1813; x_wconf 89' lang='lat' dir='ltr'>ei</span> <span class='ocrx_word' id='word_1_342' title='bbox 1516 1732 1608 1800; x_wconf 88' lang='lat' dir='ltr'>vires</span> <span class='ocrx_word' id='word_1_343' title='bbox 1624 1734 1782 1823; x_wconf 90' lang='lat' dir='ltr'>corporis</span> <span class='ocrx_word' id='word_1_344' title='bbox 1804 1749 1838 1804; x_wconf 88' lang='lat' dir='ltr'>et</span> <span class='ocrx_word' id='word_1_345' title='bbox 1856 1734 1979 1804; x_wconf 89' lang='lat' dir='ltr'>animi.</span> <span class='ocrx_word' id='word_1_346' title='bbox 2028 1731 2203 1806; x_wconf 83' lang='lat' dir='ltr'>Existimo</span> 
     </span>
     <span class='ocr_line' id='line_1_58' title="bbox 1219 1829 2202 1926; baseline 0.001 -24"><span class='ocrx_word' id='word_1_347' title='bbox 1219 1858 1300 1903; x_wconf 90' lang='lat' dir='ltr'>eum</span> <span class='ocrx_word' id='word_1_348' title='bbox 1315 1847 1455 1922; x_wconf 90' lang='lat' dir='ltr'>optare,</span> <span class='ocrx_word' id='word_1_349' title='bbox 1480 1846 1521 1902; x_wconf 92' lang='lat' dir='ltr'>ut</span> <span class='ocrx_word' id='word_1_350' title='bbox 1534 1829 1711 1903; x_wconf 84' lang='lat' dir='ltr'>Ecclesiae</span> <span class='ocrx_word' id='word_1_351' title='bbox 1735 1835 1807 1906; x_wconf 88' lang='lat' dir='ltr'>siut</span> <span class='ocrx_word' id='word_1_352' title='bbox 1827 1833 2054 1926; x_wconf 88' lang='lat' dir='ltr'>tranquillae,</span> <span class='ocrx_word' id='word_1_353' title='bbox 2078 1849 2113 1906; x_wconf 92' lang='lat' dir='ltr'>et</span> <span class='ocrx_word' id='word_1_354' title='bbox 2127 1859 2202 1905; x_wconf 88' lang='lat' dir='ltr'>non</span> 
     </span>
     <span class='ocr_line' id='line_1_59' title="bbox 1220 1931 2203 2027; baseline 0.004 -25"><span class='ocrx_word' id='word_1_355' title='bbox 1220 1934 1433 2025; x_wconf 88' lang='lat' dir='ltr'>impediatur</span> <span class='ocrx_word' id='word_1_356' title='bbox 1447 1933 1586 2021; x_wconf 81' lang='lat' dir='ltr'>piorum</span> <span class='ocrx_word' id='word_1_357' title='bbox 1605 1933 1792 2010; x_wconf 88' lang='lat' dir='ltr'>invocatio.</span> <span class='ocrx_word' id='word_1_358' title='bbox 1842 1931 1993 2004; x_wconf 89' lang='lat' dir='ltr'>Gaudeo</span> <span class='ocrx_word' id='word_1_359' title='bbox 2008 1956 2106 2006; x_wconf 88' lang='lat' dir='ltr'>nunc</span> <span class='ocrx_word' id='word_1_360' title='bbox 2121 1935 2203 2027; x_wconf 85' lang='lat' dir='ltr'>qui-</span> 
     </span>
     <span class='ocr_line' id='line_1_60' title="bbox 1218 2032 2203 2130; baseline 0.003 -26"><span class='ocrx_word' id='word_1_361' title='bbox 1218 2038 1301 2104; x_wconf 89' lang='lat' dir='ltr'>dem</span> <span class='ocrx_word' id='word_1_362' title='bbox 1317 2058 1390 2104; x_wconf 90' lang='lat' dir='ltr'>non</span> <span class='ocrx_word' id='word_1_363' title='bbox 1413 2034 1520 2104; x_wconf 88' lang='lat' dir='ltr'>fuisse</span> <span class='ocrx_word' id='word_1_364' title='bbox 1536 2032 1716 2103; x_wconf 88' lang='lat' dir='ltr'>duriorem</span> <span class='ocrx_word' id='word_1_365' title='bbox 1734 2048 1795 2104; x_wconf 93' lang='lat' dir='ltr'>aut</span> <span class='ocrx_word' id='word_1_366' title='bbox 1816 2034 1981 2122; x_wconf 77' lang='lat' dir='ltr'>tragicam</span> <span class='ocrx_word' id='word_1_367' title='bbox 1997 2056 2203 2130; x_wconf 79' lang='grc' dir='ltr'><strong><em>καταστρο-</em></strong></span> 
     </span>
     <span class='ocr_line' id='line_1_61' title="bbox 1219 2130 2203 2229; baseline 0.001 -24"><span class='ocrx_word' id='word_1_368' title='bbox 1219 2130 1297 2229; x_wconf 81' lang='grc' dir='ltr'>φὴν</span> <span class='ocrx_word' id='word_1_369' title='bbox 1320 2134 1557 2225; x_wconf 89' lang='lat' dir='ltr'>lnspectionis</span> <span class='ocrx_word' id='word_1_370' title='bbox 1579 2133 1658 2204; x_wconf 85' lang='lat' dir='ltr'>istic</span> <span class='ocrx_word' id='word_1_371' title='bbox 1687 2136 1808 2207; x_wconf 89' lang='lat' dir='ltr'>factae.</span> <span class='ocrx_word' id='word_1_372' title='bbox 1865 2133 2039 2205; x_wconf 85' lang='lat' dir='ltr'>Fortassis</span> <span class='ocrx_word' id='word_1_373' title='bbox 2063 2149 2203 2228; x_wconf 88' lang='lat' dir='ltr'>tempus</span> 
     </span>
     <span class='ocr_line' id='line_1_62' title="bbox 1219 2231 2202 2327; baseline -0.001 -22"><span class='ocrx_word' id='word_1_374' title='bbox 1219 2231 1370 2327; x_wconf 86' lang='lat' dir='ltr'>leniet²)</span> <span class='ocrx_word' id='word_1_375' title='bbox 1386 2231 1451 2305; x_wconf 89' lang='lat' dir='ltr'>hos</span> <span class='ocrx_word' id='word_1_376' title='bbox 1464 2248 1600 2317; x_wconf 89' lang='lat' dir='ltr'>motus,</span> <span class='ocrx_word' id='word_1_377' title='bbox 1624 2237 1706 2320; x_wconf 85' lang='lat' dir='ltr'>sed,</span> <span class='ocrx_word' id='word_1_378' title='bbox 1730 2250 1770 2307; x_wconf 90' lang='lat' dir='ltr'>ut</span> <span class='ocrx_word' id='word_1_379' title='bbox 1794 2249 1877 2306; x_wconf 90' lang='lat' dir='ltr'>sunt</span> <span class='ocrx_word' id='word_1_380' title='bbox 1894 2235 2092 2307; x_wconf 83' lang='lat' dir='ltr'>voluntates</span> <span class='ocrx_word' id='word_1_381' title='bbox 2111 2237 2202 2307; x_wconf 88' lang='lat' dir='ltr'>auli·</span> 
     </span>
     <span class='ocr_line' id='line_1_63' title="bbox 1220 2332 2203 2430; baseline -0.001 -22"><span class='ocrx_word' id='word_1_382' title='bbox 1220 2360 1281 2408; x_wconf 84' lang='lat' dir='ltr'>cae</span> <span class='ocrx_word' id='word_1_383' title='bbox 1297 2333 1503 2407; x_wconf 76' lang='lat' dir='ltr'>mutabiles⁸</span> <span class='ocrx_word' id='word_1_384' title='bbox 1513 2332 1543 2430; x_wconf 93' lang='lat'>),</span> <span class='ocrx_word' id='word_1_385' title='bbox 1553 2335 1690 2406; x_wconf 90' lang='lat' dir='ltr'>etiamsi</span> <span class='ocrx_word' id='word_1_386' title='bbox 1699 2333 1728 2426; x_wconf 84' lang='lat'>⁴)</span> <span class='ocrx_word' id='word_1_387' title='bbox 1744 2361 1818 2407; x_wconf 88' lang='lat' dir='ltr'>uon</span> <span class='ocrx_word' id='word_1_388' title='bbox 1834 2349 1938 2407; x_wconf 89' lang='lat' dir='ltr'>erunt</span> <span class='ocrx_word' id='word_1_389' title='bbox 1953 2350 2072 2429; x_wconf 91' lang='lat' dir='ltr'>postea</span> <span class='ocrx_word' id='word_1_390' title='bbox 2082 2337 2203 2408; x_wconf 90' lang='lat' dir='ltr'>mitio·</span> 
     </span>
     <span class='ocr_line' id='line_1_64' title="bbox 1220 2435 2203 2529; baseline -0.001 -21"><span class='ocrx_word' id='word_1_391' title='bbox 1220 2461 1295 2523; x_wconf 93' lang='lat' dir='ltr'>res,</span> <span class='ocrx_word' id='word_1_392' title='bbox 1325 2461 1398 2507; x_wconf 91' lang='lat' dir='ltr'>non</span> <span class='ocrx_word' id='word_1_393' title='bbox 1430 2439 1633 2527; x_wconf 80' lang='lat' dir='ltr'>frangamur</span> <span class='ocrx_word' id='word_1_394' title='bbox 1664 2437 1805 2509; x_wconf 86' lang='lat' dir='ltr'>animis.</span> <span class='ocrx_word' id='word_1_395' title='bbox 1867 2435 2037 2507; x_wconf 84' lang='lat' dir='ltr'>Videmus</span> <span class='ocrx_word' id='word_1_396' title='bbox 2070 2438 2203 2529; x_wconf 91' lang='lat' dir='ltr'>ubique</span> 
     </span>
     <span class='ocr_line' id='line_1_65' title="bbox 1219 2531 2203 2626; baseline -0.004 -19"><span class='ocrx_word' id='word_1_397' title='bbox 1219 2563 1237 2607; x_wconf 91' lang='lat' dir='ltr'>c</span> <span class='ocrx_word' id='word_1_398' title='bbox 1262 2540 1380 2608; x_wconf 92' lang='lat' dir='ltr'>mbam</span> <span class='ocrx_word' id='word_1_399' title='bbox 1393 2532 1527 2609; x_wconf 87' lang='lat' dir='ltr'>Christi</span> <span class='ocrx_word' id='word_1_400' title='bbox 1551 2537 1687 2626; x_wconf 87' lang='lat' dir='ltr'>magnis</span> <span class='ocrx_word' id='word_1_401' title='bbox 1708 2537 1874 2607; x_wconf 81' lang='lat' dir='ltr'>flrsctibus</span> <span class='ocrx_word' id='word_1_402' title='bbox 1886 2537 2037 2608; x_wconf 89' lang='lat' dir='ltr'>concuti.</span> <span class='ocrx_word' id='word_1_403' title='bbox 2084 2531 2203 2604; x_wconf 85' lang='lat' dir='ltr'>Mar·</span> 
     </span>
     <span class='ocr_line' id='line_1_66' title="bbox 1219 2564 2234 2733; baseline -0.002 -26"><span class='ocrx_word' id='word_1_404' title='bbox 1219 2564 1302 2708; x_wconf 63' lang='lat' dir='ltr'>clio</span> <span class='ocrx_word' id='word_1_405' title='bbox 1314 2633 1533 2733; x_wconf 83' lang='lat' dir='ltr'>Alhertus¹)</span> <span class='ocrx_word' id='word_1_406' title='bbox 1552 2662 1631 2706; x_wconf 88' lang='lat' dir='ltr'>curn</span> <span class='ocrx_word' id='word_1_407' title='bbox 1648 2638 1744 2706; x_wconf 87' lang='lat' dir='ltr'>mille</span> <span class='ocrx_word' id='word_1_408' title='bbox 1765 2634 1953 2729; x_wconf 80' lang='lat' dir='ltr'>Equitibus</span> <span class='ocrx_word' id='word_1_409' title='bbox 1969 2650 2003 2707; x_wconf 90' lang='lat' dir='ltr'>et</span> <span class='ocrx_word' id='word_1_410' title='bbox 2019 2636 2119 2707; x_wconf 91' lang='lat' dir='ltr'>mille</span> <span class='ocrx_word' id='word_1_411' title='bbox 2139 2656 2234 2728; x_wconf 61' lang='lat' dir='ltr'>pol</span> 
     </span>
     <span class='ocr_line' id='line_1_67' title="bbox 1218 2734 2200 2828; baseline -0.004 -19"><span class='ocrx_word' id='word_1_412' title='bbox 1218 2740 1353 2810; x_wconf 88' lang='lat' dir='ltr'>ditibus</span> <span class='ocrx_word' id='word_1_413' title='bbox 1371 2738 1608 2809; x_wconf 84' lang='lat' dir='ltr'>tormentariis</span> <span class='ocrx_word' id='word_1_414' title='bbox 1623 2737 1783 2809; x_wconf 87' lang='lat' dir='ltr'>celeriter</span> <span class='ocrx_word' id='word_1_415' title='bbox 1802 2738 1885 2806; x_wconf 90' lang='lat' dir='ltr'>fecit</span> <span class='ocrx_word' id='word_1_416' title='bbox 1901 2736 1969 2806; x_wconf 89' lang='lat' dir='ltr'>iter</span> <span class='ocrx_word' id='word_1_417' title='bbox 1985 2759 2050 2828; x_wconf 89' lang='lat' dir='ltr'>per</span> <span class='ocrx_word' id='word_1_418' title='bbox 2064 2734 2200 2808; x_wconf 82' lang='lat' dir='ltr'>Turin-</span> 
     </span>
     <span class='ocr_line' id='line_1_68' title="bbox 1217 2837 2202 2930; baseline -0.005 -20"><span class='ocrx_word' id='word_1_419' title='bbox 1217 2841 1311 2929; x_wconf 87' lang='lat' dir='ltr'>giam</span> <span class='ocrx_word' id='word_1_420' title='bbox 1326 2842 1369 2910; x_wconf 87' lang='lat' dir='ltr'>sd</span> <span class='ocrx_word' id='word_1_421' title='bbox 1386 2837 1611 2922; x_wconf 83' lang='lat' dir='ltr'>Harcinism,</span> <span class='ocrx_word' id='word_1_422' title='bbox 1637 2852 1670 2909; x_wconf 91' lang='lat' dir='ltr'>et</span> <span class='ocrx_word' id='word_1_423' title='bbox 1687 2838 1857 2930; x_wconf 85' lang='lat' dir='ltr'>proficisci</span> <span class='ocrx_word' id='word_1_424' title='bbox 1870 2837 2002 2909; x_wconf 88' lang='lat' dir='ltr'>dicitur</span> <span class='ocrx_word' id='word_1_425' title='bbox 2024 2839 2069 2906; x_wconf 91' lang='lat' dir='ltr'>ad</span> <span class='ocrx_word' id='word_1_426' title='bbox 2090 2838 2202 2907; x_wconf 87' lang='lat' dir='ltr'>comi-</span> 
     </span>
     <span class='ocr_line' id='line_1_69' title="bbox 1217 2934 2201 3033; baseline -0.004 -21"><span class='ocrx_word' id='word_1_427' title='bbox 1217 2941 1264 3012; x_wconf 92' lang='lat' dir='ltr'>tis</span> <span class='ocrx_word' id='word_1_428' title='bbox 1282 2937 1497 3031; x_wconf 90' lang='lat' dir='ltr'>Oldeburgii</span> <span class='ocrx_word' id='word_1_429' title='bbox 1515 2940 1704 3013; x_wconf 79' lang='lat' dir='ltr'>exercitum</span> <span class='ocrx_word' id='word_1_430' title='bbox 1727 2940 1765 3010; x_wconf 90' lang='lat' dir='ltr'>in</span> <span class='ocrx_word' id='word_1_431' title='bbox 1780 2937 1925 3033; x_wconf 88' lang='lat' dir='ltr'>Caycos.</span> <span class='ocrx_word' id='word_1_432' title='bbox 1973 2934 2043 3011; x_wconf 88' lang='lat' dir='ltr'>Cui</span> <span class='ocrx_word' id='word_1_433' title='bbox 2068 2962 2201 3008; x_wconf 84' lang='lat' dir='ltr'>novum</span> 
     </span>
     <span class='ocr_line' id='line_1_70' title="bbox 1218 3036 2202 3131; baseline -0.002 -19"><span class='ocrx_word' id='word_1_434' title='bbox 1218 3043 1353 3113; x_wconf 92' lang='lat' dir='ltr'>bellum</span> <span class='ocrx_word' id='word_1_435' title='bbox 1372 3044 1535 3114; x_wconf 89' lang='lat' dir='ltr'>illaturus</span> <span class='ocrx_word' id='word_1_436' title='bbox 1552 3043 1615 3127; x_wconf 90' lang='lat' dir='ltr'>sit,</span> <span class='ocrx_word' id='word_1_437' title='bbox 1640 3044 1799 3112; x_wconf 90' lang='lat' dir='ltr'>nondum</span> <span class='ocrx_word' id='word_1_438' title='bbox 1815 3039 1932 3111; x_wconf 87' lang='lat' dir='ltr'>audio.</span> <span class='ocrx_word' id='word_1_439' title='bbox 1983 3036 2202 3131; x_wconf 85' lang='lat' dir='ltr'>Responsio-</span> 
     </span>
    </p>
   </div>
   <div class='ocr_carea' id='block_1_21' title="bbox 1216 3139 2342 3232">
    <p class='ocr_par' dir='ltr' id='par_1_21' title="bbox 1216 3139 2342 3232">
     <span class='ocr_line' id='line_1_71' title="bbox 1216 3139 2342 3232; baseline 0.001 -21"><span class='ocrx_word' id='word_1_440' title='bbox 1216 3167 1300 3214; x_wconf 86' lang='lat' dir='ltr'>nem</span> <span class='ocrx_word' id='word_1_441' title='bbox 1320 3145 1364 3214; x_wconf 89' lang='lat' dir='ltr'>de</span> <span class='ocrx_word' id='word_1_442' title='bbox 1385 3140 1565 3215; x_wconf 83' lang='lat' dir='ltr'>Stancars&#39;</span> <span class='ocrx_word' id='word_1_443' title='bbox 1582 3142 1820 3214; x_wconf 87' lang='lat' dir='ltr'>controversia</span> <span class='ocrx_word' id='word_1_444' title='bbox 1843 3139 2027 3232; x_wconf 88' lang='lat' dir='ltr'>perscripsi</span> <span class='ocrx_word' id='word_1_445' title='bbox 2055 3165 2095 3212; x_wconf 89' lang='lat' dir='ltr'>ac</span> <span class='ocrx_word' id='word_1_446' title='bbox 2118 3141 2202 3212; x_wconf 89' lang='lat' dir='ltr'>mit·</span> <span class='ocrx_word' id='word_1_447' title='bbox 2336 3184 2342 3195; x_wconf 91' lang='lat'><strong>·</strong></span> 
     </span>
    </p>
   </div>
   <div class='ocr_carea' id='block_1_22' title="bbox 1215 3237 2286 4139">
    <p class='ocr_par' dir='ltr' id='par_1_22' title="bbox 1215 3237 2286 4139">
     <span class='ocr_line' id='line_1_72' title="bbox 1217 3237 2286 3337; baseline -0.004 -23"><span class='ocrx_word' id='word_1_448' title='bbox 1217 3256 1289 3314; x_wconf 88' lang='lat' dir='ltr'>tarn</span> <span class='ocrx_word' id='word_1_449' title='bbox 1313 3242 1493 3321; x_wconf 89' lang='lat' dir='ltr'>lllustriss.</span> <span class='ocrx_word' id='word_1_450' title='bbox 1525 3243 1696 3337; x_wconf 90' lang='lat' dir='ltr'>Principi.</span> <span class='ocrx_word' id='word_1_451' title='bbox 1756 3241 1917 3312; x_wconf 86' lang='lat' dir='ltr'>Profecto</span> <span class='ocrx_word' id='word_1_452' title='bbox 1948 3264 2074 3330; x_wconf 92' lang='lat' dir='ltr'>magna</span> <span class='ocrx_word' id='word_1_453' title='bbox 2099 3264 2202 3311; x_wconf 88' lang='lat' dir='ltr'>causa</span> <span class='ocrx_word' id='word_1_454' title='bbox 2272 3237 2286 3249; x_wconf 70' lang='lat'><em>⁶</em></span> 
     </span>
     <span class='ocr_line' id='line_1_73' title="bbox 1218 3340 2201 3431; baseline -0.008 -17"><span class='ocrx_word' id='word_1_455' title='bbox 1218 3361 1278 3418; x_wconf 88' lang='lat' dir='ltr'>est.</span> <span class='ocrx_word' id='word_1_456' title='bbox 1337 3344 1512 3417; x_wconf 84' lang='lat' dir='ltr'>Removet</span> <span class='ocrx_word' id='word_1_457' title='bbox 1538 3348 1584 3414; x_wconf 89' lang='lat' dir='ltr'>ab</span> <span class='ocrx_word' id='word_1_458' title='bbox 1613 3344 1729 3414; x_wconf 89' lang='lat' dir='ltr'>officio</span> <span class='ocrx_word' id='word_1_459' title='bbox 1762 3341 2012 3431; x_wconf 87' lang='lat' dir='ltr'>Redemptoris</span> <span class='ocrx_word' id='word_1_460' title='bbox 2043 3340 2201 3408; x_wconf 88' lang='lat' dir='ltr'>divinam</span> 
     </span>
     <span class='ocr_line' id='line_1_74' title="bbox 1216 3438 2201 3528; baseline -0.005 -16"><span class='ocrx_word' id='word_1_461' title='bbox 1216 3459 1399 3528; x_wconf 91' lang='lat' dir='ltr'>naturam,</span> <span class='ocrx_word' id='word_1_462' title='bbox 1423 3471 1504 3517; x_wconf 89' lang='lat' dir='ltr'>cum</span> <span class='ocrx_word' id='word_1_463' title='bbox 1517 3445 1709 3516; x_wconf 88' lang='lat' dir='ltr'>clarissime</span> <span class='ocrx_word' id='word_1_464' title='bbox 1725 3445 1859 3512; x_wconf 86' lang='lat' dir='ltr'>dictum</span> <span class='ocrx_word' id='word_1_465' title='bbox 1878 3441 1939 3509; x_wconf 87' lang='lat' dir='ltr'>sit:</span> <span class='ocrx_word' id='word_1_466' title='bbox 1965 3438 2025 3511; x_wconf 92' lang='lat' dir='ltr'>Sic</span> <span class='ocrx_word' id='word_1_467' title='bbox 2041 3441 2128 3508; x_wconf 93' lang='lat' dir='ltr'>deus</span> <span class='ocrx_word' id='word_1_468' title='bbox 2144 3441 2201 3507; x_wconf 89' lang='lat' dir='ltr'>di-</span> 
     </span>
     <span class='ocr_line' id='line_1_75' title="bbox 1217 3540 2200 3631; baseline 0 -18"><span class='ocrx_word' id='word_1_469' title='bbox 1217 3545 1301 3614; x_wconf 83' lang='lat' dir='ltr'>lexit</span> <span class='ocrx_word' id='word_1_470' title='bbox 1332 3549 1527 3631; x_wconf 90' lang='lat' dir='ltr'>mundum,</span> <span class='ocrx_word' id='word_1_471' title='bbox 1575 3555 1617 3616; x_wconf 89' lang='lat' dir='ltr'>ut</span> <span class='ocrx_word' id='word_1_472' title='bbox 1648 3544 1761 3612; x_wconf 89' lang='lat' dir='ltr'>filium</span> <span class='ocrx_word' id='word_1_473' title='bbox 1794 3541 2019 3631; x_wconf 88' lang='lat' dir='ltr'>unigenitum</span> <span class='ocrx_word' id='word_1_474' title='bbox 2051 3540 2200 3613; x_wconf 88' lang='lat' dir='ltr'>dederit.</span> 
     </span>
     <span class='ocr_line' id='line_1_76' title="bbox 1216 3641 2200 3737; baseline -0.008 -20"><span class='ocrx_word' id='word_1_475' title='bbox 1216 3646 1349 3736; x_wconf 86' lang='lat' dir='ltr'>Scripsi</span> <span class='ocrx_word' id='word_1_476' title='bbox 1372 3646 1504 3730; x_wconf 90' lang='lat' dir='ltr'>lenius,</span> <span class='ocrx_word' id='word_1_477' title='bbox 1536 3667 1642 3737; x_wconf 88' lang='lat' dir='ltr'>quam</span> <span class='ocrx_word' id='word_1_478' title='bbox 1663 3642 1871 3729; x_wconf 91' lang='lat' dir='ltr'>magnitudo</span> <span class='ocrx_word' id='word_1_479' title='bbox 1892 3664 2016 3712; x_wconf 90' lang='lat' dir='ltr'>causae</span> <span class='ocrx_word' id='word_1_480' title='bbox 2036 3641 2200 3732; x_wconf 86' lang='lat' dir='ltr'>postulat.</span> 
     </span>
     <span class='ocr_line' id='line_1_77' title="bbox 1216 3735 2199 3840; baseline -0.007 -24"><span class='ocrx_word' id='word_1_481' title='bbox 1216 3745 1286 3816; x_wconf 86' lang='lat' dir='ltr'>Sed</span> <span class='ocrx_word' id='word_1_482' title='bbox 1302 3747 1404 3816; x_wconf 88' lang='lat' dir='ltr'>vobis</span> <span class='ocrx_word' id='word_1_483' title='bbox 1418 3770 1560 3840; x_wconf 88' lang='lat' dir='ltr'>quoque</span> <span class='ocrx_word' id='word_1_484' title='bbox 1576 3744 1711 3813; x_wconf 86' lang='lat' dir='ltr'>mittam</span> <span class='ocrx_word' id='word_1_485' title='bbox 1727 3743 1911 3832; x_wconf 84' lang='lat' dir='ltr'>legendam</span> <span class='ocrx_word' id='word_1_486' title='bbox 1925 3735 2130 3833; x_wconf 77' lang='lat' dir='ltr'>nostram⁶)</span> <span class='ocrx_word' id='word_1_487' title='bbox 2144 3765 2199 3810; x_wconf 89' lang='lat' dir='ltr'>re-</span> 
     </span>
     <span class='ocr_line' id='line_1_78' title="bbox 1215 3838 2200 3938; baseline -0.005 -24"><span class='ocrx_word' id='word_1_488' title='bbox 1215 3847 1453 3938; x_wconf 90' lang='lat' dir='ltr'>sponsionem.</span> <span class='ocrx_word' id='word_1_489' title='bbox 1504 3845 1602 3917; x_wconf 89' lang='lat' dir='ltr'>Bene</span> <span class='ocrx_word' id='word_1_490' title='bbox 1624 3844 1702 3912; x_wconf 90' lang='lat' dir='ltr'>vale</span> <span class='ocrx_word' id='word_1_491' title='bbox 1729 3856 1764 3913; x_wconf 90' lang='lat' dir='ltr'>et</span> <span class='ocrx_word' id='word_1_492' title='bbox 1786 3840 1962 3924; x_wconf 88' lang='lat' dir='ltr'>rescribe,</span> <span class='ocrx_word' id='word_1_493' title='bbox 1988 3838 2115 3908; x_wconf 88' lang='lat' dir='ltr'>vellem</span> <span class='ocrx_word' id='word_1_494' title='bbox 2137 3865 2200 3909; x_wconf 86' lang='lat' dir='ltr'>vos</span> 
     </span>
     <span class='ocr_line' id='line_1_79' title="bbox 1215 3936 2201 4039; baseline -0.007 -24"><span class='ocrx_word' id='word_1_495' title='bbox 1215 3951 1259 4016; x_wconf 87' lang='lat' dir='ltr'>ad</span> <span class='ocrx_word' id='word_1_496' title='bbox 1276 3971 1341 4018; x_wconf 88' lang='lat' dir='ltr'>nos</span> <span class='ocrx_word' id='word_1_497' title='bbox 1356 3948 1535 4039; x_wconf 86' lang='lat' dir='ltr'>expatiari.</span> <span class='ocrx_word' id='word_1_498' title='bbox 1585 3945 1744 4018; x_wconf 82' lang='lat' dir='ltr'>Salutem</span> <span class='ocrx_word' id='word_1_499' title='bbox 1761 3957 1844 4034; x_wconf 92' lang='lat' dir='ltr'>opto</span> <span class='ocrx_word' id='word_1_500' title='bbox 1861 3941 1962 4009; x_wconf 91' lang='lat' dir='ltr'>vobis</span> <span class='ocrx_word' id='word_1_501' title='bbox 1977 3936 2144 4008; x_wconf 90' lang='lat' dir='ltr'>omnibus</span> <span class='ocrx_word' id='word_1_502' title='bbox 2165 3952 2201 4008; x_wconf 88' lang='lat' dir='ltr'>et</span> 
     </span>
     <span class='ocr_line' id='line_1_80' title="bbox 1215 4041 1908 4139; baseline -0.007 -22"><span class='ocrx_word' id='word_1_503' title='bbox 1215 4050 1427 4120; x_wconf 89' lang='lat' dir='ltr'>nominatim</span> <span class='ocrx_word' id='word_1_504' title='bbox 1447 4048 1591 4139; x_wconf 88' lang='lat' dir='ltr'>collegis</span> <span class='ocrx_word' id='word_1_505' title='bbox 1605 4046 1686 4120; x_wconf 91' lang='lat' dir='ltr'>tuis.</span> <span class='ocrx_word' id='word_1_506' title='bbox 1737 4041 1806 4114; x_wconf 89' lang='lat' dir='ltr'>Die</span> <span class='ocrx_word' id='word_1_507' title='bbox 1821 4041 1908 4112; x_wconf 90' lang='lat' dir='ltr'>Viti.</span> 
     </span>
    </p>
   </div>
   <div class='ocr_carea' id='block_1_23' title="bbox 1951 4166 2150 4266">
    <p class='ocr_par' dir='ltr' id='par_1_23' title="bbox 1951 4166 2150 4266">
     <span class='ocr_line' id='line_1_81' title="bbox 1951 4166 2150 4266; baseline 0.005 -24"><span class='ocrx_word' id='word_1_508' title='bbox 1951 4166 2150 4266; x_wconf 85' lang='lat' dir='ltr'>Philippus.</span> 
     </span>
    </p>
   </div>
   <div class='ocr_carea' id='block_1_24' title="bbox 1246 4435 1845 4760">
    <p class='ocr_par' dir='ltr' id='par_1_24' title="bbox 1248 4435 1503 4508">
     <span class='ocr_line' id='line_1_82' title="bbox 1248 4435 1503 4508; baseline -0.004 -17"><span class='ocrx_word' id='word_1_509' title='bbox 1248 4438 1277 4508; x_wconf 88' lang='lat'>1)</span> <span class='ocrx_word' id='word_1_510' title='bbox 1295 4435 1398 4494; x_wconf 70' lang='lat' dir='ltr'>ttsm.</span> <span class='ocrx_word' id='word_1_511' title='bbox 1415 4438 1441 4508; x_wconf 88' lang='lat' dir='ltr'>t,</span> <span class='ocrx_word' id='word_1_512' title='bbox 1461 4437 1503 4492; x_wconf 87' lang='lat' dir='ltr'>lli.</span> 
     </span>
    </p>

    <p class='ocr_par' dir='ltr' id='par_1_25' title="bbox 1246 4517 1845 4760">
     <span class='ocr_line' id='line_1_83' title="bbox 1246 4517 1808 4591; baseline -0.007 -16"><span class='ocrx_word' id='word_1_513' title='bbox 1246 4521 1280 4591; x_wconf 82' lang='lat'>2)</span> <span class='ocrx_word' id='word_1_514' title='bbox 1296 4524 1397 4591; x_wconf 69' lang='lat' dir='ltr'>tenete,</span> <span class='ocrx_word' id='word_1_515' title='bbox 1418 4540 1474 4575; x_wconf 88' lang='lat' dir='ltr'>non</span> <span class='ocrx_word' id='word_1_516' title='bbox 1487 4520 1595 4585; x_wconf 82' lang='lat' dir='ltr'>ueniet,</span> <span class='ocrx_word' id='word_1_517' title='bbox 1607 4517 1688 4573; x_wconf 82' lang='lat' dir='ltr'>babet</span> <span class='ocrx_word' id='word_1_518' title='bbox 1700 4523 1808 4591; x_wconf 79' lang='lat' dir='ltr'>sutogr.</span> 
     </span>
     <span class='ocr_line' id='line_1_84' title="bbox 1246 4600 1845 4674; baseline -0.008 -10"><span class='ocrx_word' id='word_1_519' title='bbox 1246 4607 1276 4673; x_wconf 69' lang='grc'>8)</span> <span class='ocrx_word' id='word_1_520' title='bbox 1294 4608 1458 4668; x_wconf 73' lang='lat' dir='ltr'>mutabiles]</span> <span class='ocrx_word' id='word_1_521' title='bbox 1476 4603 1601 4660; x_wconf 85' lang='lat' dir='ltr'>ereidits</span> <span class='ocrx_word' id='word_1_522' title='bbox 1613 4611 1686 4657; x_wconf 79' lang='lat' dir='ltr'>textu</span> <span class='ocrx_word' id='word_1_523' title='bbox 1702 4600 1845 4674; x_wconf 80' lang='lat' dir='ltr'>ngscb.</span> 
     </span>
     <span class='ocr_line' id='line_1_85' title="bbox 1246 4687 1688 4760; baseline -0.014 -16"><span class='ocrx_word' id='word_1_524' title='bbox 1246 4689 1277 4758; x_wconf 76' lang='grc'>4)</span> <span class='ocrx_word' id='word_1_525' title='bbox 1296 4688 1435 4760; x_wconf 76' lang='lat' dir='ltr'>Wegseb.</span> <span class='ocrx_word' id='word_1_526' title='bbox 1451 4699 1573 4745; x_wconf 77' lang='lat' dir='ltr'>tartumr</span> <span class='ocrx_word' id='word_1_527' title='bbox 1589 4687 1688 4744; x_wconf 83' lang='lat' dir='ltr'>etiam.</span> 
     </span>
    </p>
   </div>
   <div class='ocr_carea' id='block_1_25' title="bbox 1233 4764 2199 5047">
    <p class='ocr_par' dir='ltr' id='par_1_26' title="bbox 1233 4764 2199 5047">
     <span class='ocr_line' id='line_1_86' title="bbox 1233 4764 2198 4960; baseline -0.012 -63"><span class='ocrx_word' id='word_1_528' title='bbox 1233 4768 2087 4960; x_wconf 19' lang='grc' dir='ltr'>κ5).ξ.ιτ,.·,“ε.ςλ;.ἰ;ελοοιεῑὲςξξολειιιιο</span> <span class='ocrx_word' id='word_1_529' title='bbox 2101 4764 2198 4914; x_wconf 71' lang='lat' dir='ltr'>tu:</span> 
     </span>
     <span class='ocr_line' id='line_1_87' title="bbox 1279 4904 2199 4978; baseline -0.02 -8"><span class='ocrx_word' id='word_1_530' title='bbox 1279 4931 1305 4970; x_wconf 86' lang='lat' dir='ltr'>s.</span> <span class='ocrx_word' id='word_1_531' title='bbox 1326 4913 1403 4970; x_wconf 71' lang='grc'><strong>1557.</strong></span> <span class='ocrx_word' id='word_1_532' title='bbox 1430 4911 1555 4966; x_wconf 81' lang='lat' dir='ltr'>decessit.</span> <span class='ocrx_word' id='word_1_533' title='bbox 1579 4905 1751 4978; x_wconf 70' lang='lat' dir='ltr'>[wag-een</span> <span class='ocrx_word' id='word_1_534' title='bbox 1768 4932 1803 4949; x_wconf 88' lang='lat'>-</span> <span class='ocrx_word' id='word_1_535' title='bbox 1867 4904 2000 4959; x_wconf 72' lang='lat' dir='ltr'>edlberti</span> <span class='ocrx_word' id='word_1_536' title='bbox 2020 4915 2052 4961; x_wconf 85' lang='lat' dir='ltr'>st</span> <span class='ocrx_word' id='word_1_537' title='bbox 2068 4913 2199 4960; x_wconf 69' lang='lat' dir='ltr'>meretur</span> 
     </span>
     <span class='ocr_line' id='line_1_88' title="bbox 1282 4973 1773 5047; baseline -0.026 -11"><span class='ocrx_word' id='word_1_538' title='bbox 1282 4981 1340 5036; x_wconf 84' lang='lat' dir='ltr'>elus</span> <span class='ocrx_word' id='word_1_539' title='bbox 1353 4982 1450 5037; x_wconf 87' lang='lat' dir='ltr'>itinere</span> <span class='ocrx_word' id='word_1_540' title='bbox 1465 4980 1520 5034; x_wconf 84' lang='lat' dir='ltr'>rid.</span> <span class='ocrx_word' id='word_1_541' title='bbox 1533 4975 1654 5032; x_wconf 84' lang='lat' dir='ltr'>Sleidss.</span> <span class='ocrx_word' id='word_1_542' title='bbox 1672 4994 1698 5047; x_wconf 89' lang='lat' dir='ltr'>p.</span> <span class='ocrx_word' id='word_1_543' title='bbox 1712 4973 1773 5026; x_wconf 82' lang='lat'><strong>79⁵.</strong></span> 
     </span>
    </p>
   </div>
   <div class='ocr_carea' id='block_1_26' title="bbox 1247 5049 1820 5132">
    <p class='ocr_par' dir='ltr' id='par_1_27' title="bbox 1247 5049 1820 5132">
     <span class='ocr_line' id='line_1_89' title="bbox 1247 5049 1820 5132; baseline -0.024 -13"><span class='ocrx_word' id='word_1_544' title='bbox 1247 5064 1276 5132; x_wconf 81' lang='lat'>6)</span> <span class='ocrx_word' id='word_1_545' title='bbox 1294 5067 1438 5127; x_wconf 81' lang='lat' dir='ltr'>nostram]</span> <span class='ocrx_word' id='word_1_546' title='bbox 1451 5061 1546 5117; x_wconf 87' lang='lat' dir='ltr'>ereidit</span> <span class='ocrx_word' id='word_1_547' title='bbox 1560 5076 1575 5111; x_wconf 88' lang='lat' dir='ltr'>e</span> <span class='ocrx_word' id='word_1_548' title='bbox 1590 5067 1661 5110; x_wconf 77' lang='lat' dir='ltr'>testu</span> <span class='ocrx_word' id='word_1_549' title='bbox 1679 5049 1820 5120; x_wconf 83' lang='lat' dir='ltr'>Wegseb.</span> 
     </span>
    </p>
   </div>
   <div class='ocr_carea' id='block_1_27' title="bbox 0 0 2392 6022">
    <p class='ocr_par' dir='ltr' id='par_1_28' title="bbox 0 0 2392 6022">
     <span class='ocr_line' id='line_1_90' title="bbox 0 0 2392 6022; baseline 0 0"><span class='ocrx_word' id='word_1_550' title='bbox 0 0 2392 6022; x_wconf 95' lang='lat' dir='ltr'> </span> 
     </span>
    </p>
   </div>
  </div>
 </body>
</html>
