4776 6024
117 379 193 456 467

113 556 180 628 No.
196 552 309 628 5765.

127 652 299 682 Μ

929 561 1100 682 Q

440 754 496 839 P.
532 756 781 842 Vincentio.

217 935 238 998 †
259 929 296 982 Ex
315 946 409 1000 apogr.
427 929 456 983 iu
472 908 537 985 cod.
556 929 641 987 Paris.
661 932 698 1015 ll.
717 929 748 985 L.
768 932 836 985 54³·

111 1084 272 1165 Clariss.
306 1086 400 1170 viro,
439 1079 641 1154 eruditione
668 1095 699 1155 et
732 1085 861 1157 virtute
885 1087 1105 1185 praestanti,

110 1192 164 1266 D.
193 1187 329 1261 Petro
361 1184 632 1271 Vincentio,
657 1188 787 1285 fratri
809 1213 877 1259 suo
910 1191 1104 1264 carissimo

161 1293 201 1365 iu
217 1290 305 1363 urbe
318 1283 490 1372 Latera,
514 1282 664 1359 Corona
688 1289 811 1383 gentis
829 1286 1053 1368 saxonicae.

110 1430 157 1515 S.
179 1440 225 1515 D.
276 1438 481 1512 Clarissime
504 1438 562 1507 vir
586 1453 619 1507 et
641 1438 819 1516 carissime
844 1439 964 1512 frater.
1024 1438 1101 1509 Etsi

111 1548 209 1638 pium
224 1558 276 1614 est
292 1543 402 1632 magis
418 1541 521 1609 adfici
538 1563 620 1608 cura
637 1543 716 1610 τῶν
731 1534 888 1623 οἰκείων,
916 1554 955 1608 ut
971 1540 1102 1610 Paulus

111 1648 246 1741 inquit,
278 1657 314 1714 et
337 1638 469 1713 dehac
492 1667 552 1710 ora
575 1640 789 1711 Germaniae
812 1642 987 1711 sollicitus
1013 1666 1102 1726 sum,

110 1763 228 1818 tamen
251 1746 355 1816 ctiam
380 1748 424 1814 de
448 1741 609 1834 Anglicis
632 1744 821 1830 tragoediis
846 1767 949 1833 saepe
972 1744 1101 1831 cogito.

110 1849 221 1920 Vetus
244 1848 426 1917 oraculum
452 1846 521 1914 tuit
544 1848 587 1914 de
602 1845 743 1913 duobus
759 1844 999 1913 Macedonicis
1015 1840 1102 1912 Pbi-

108 1954 237 2045 lippis,
252 1950 346 2042 quod
365 1934 489 2017 recitat
505 1946 696 2015 Pausanias
715 1970 746 2035 p.
766 1945 870 2017 teu:
899 1941 1102 2037 αὐχοῦντες

109 2056 302 2153 βασιλεῦσι
325 2041 552 2141 Μακηὸόνες
578 2041 822 2144 ἇργέαδῃοιν,
858 2042 950 2138 ὑμῖν
973 2071 1100 2141 κοιρα-

110 2155 225 2240 νέων,
255 2147 406 2249 ἀγαθὸν
421 2145 484 2221 καὶ
499 2155 603 2242 πῆμα
622 2141 853 2243 φίλιππος’).
908 2150 955 2217 dt
969 2146 1100 2237 Hispa-

110 2262 211 2331 nicus
227 2247 427 2349 Philippus
441 2256 600 2320 nondum
616 2252 682 2319 luit
704 2248 858 2346 ἀγαθον
871 2251 949 2328 τοῖς
963 2247 1100 2343 βροτο-

109 2363 197 2441 νοῖς.
250 2352 405 2425 Orenrus
430 2354 542 2420 tilium
559 2352 643 2430 Dei,
670 2365 709 2420 ut
732 2356 768 2420 iu
789 2347 844 2418 his
864 2348 1099 2439 lmperiorum

110 2461 322 2535 tumultibus
358 2467 473 2524 servet
502 2453 696 2522 Ecclesiam
731 2475 830 2520 snam
863 2467 896 2521 et
920 2452 959 2519 in
980 2475 1017 2519 ea
1042 2452 1099 2518 di-

112 2563 283 2637 scentium
301 2573 429 2627 coetus.
483 2554 643 2643 Quaeso,
670 2569 709 2623 ut
727 2553 899 2642 significes
916 2548 1098 2621 historiam

111 2664 308 2755 Anglicam.
359 2659 455 2727 Bene
471 2659 559 2729 vale.
611 2654 770 2726 Salutem
786 2668 871 2745 opto
885 2652 1097 2726 Reverendo

110 2772 186 2838 viro
206 2759 420 2837 Valentino.
473 2760 508 2831 9.
524 2756 672 2849 Aprilis.

847 2955 1047 3050 Philippus.

110 3195 1098 3227 .....----—-—--—-—-·-·-----·

107 3367 300 3498 urer-

924 3362 1095 3480 Q

372 3545 570 3631 Alberto
604 3542 729 3625 Dori
758 3539 837 3625 Pr.

175 3716 212 3767 ux
229 3705 397 3778 autographo
411 3705 480 3757 edita
497 3704 619 3756 aFabro
632 3701 661 3756 in
679 3701 757 3772 epist.
772 3719 798 3771 p.
810 3700 872 3756 210.
888 3720 933 3773 ep.
944 3700 991 3756 st.
1062 3772 1064 3789 Ι

283 3859 478 3934 Alberto
503 3855 631 3928 Duri
653 3850 921 3928 Bortessioe

105 4009 153 4096 S.
180 4017 223 4091 D.
277 4012 518 4085 lllustrissime
545 4025 579 4080 et
605 4007 886 4080 Clementissime
909 4006 1090 4104 Princeps.

104 4120 372 4212 simplicissime
388 4116 606 4205 respondebo
623 4109 834 4182 Celsitudini
850 4125 995 4184 vestrae.
1050 4111 1090 4182 ln

104 4222 353 4294 Controversia
371 4231 464 4288 mota
487 4240 623 4285 necesse
645 4229 696 4283 est
712 4215 782 4283 dici
798 4216 843 4284 de
864 4215 1090 4306 proprietati-

94 4328 169 4397 bus
186 4322 405 4410 singularum
424 4343 653 4409 personarum
671 4316 888 4399 divinitatis,
903 4339 1013 4410 eaque
1031 4341 1089 4385 cx-

104 4426 249 4521 plieatio
266 4421 442 4490 Ecclesiae
465 4420 657 4488 necessaria
680 4432 750 4496 est,
778 4442 818 4486 ac
832 4419 1020 4486 dicendum
1039 4434 1090 4490 est

64 4608 75 4619 ,
94 4555 175 4622 ,quo
192 4524 316 4596 ordine
334 4519 675 4591 habitentPersonae
688 4520 725 4587 in
736 4518 884 4590 Sanctis.
899 4519 1088 4588 dicendum

103 4645 135 4700 et
154 4632 198 4695 de
216 4625 491 4718 proprietatibus
507 4623 605 4710 regni
621 4616 755 4690 Christi
771 4634 806 4691 et
819 4622 970 4689 duarum
986 4635 1089 4690 natu-

102 4755 223 4801 rarum
242 4729 278 4795 in
297 4753 349 4798 eo.
390 4723 464 4792 Nec
480 4723 593 4791 rnairts
609 4724 704 4792 aliud
723 4723 760 4790 in
778 4721 848 4791 vita
863 4735 967 4811 opto,
982 4747 1087 4815 quam

103 4844 142 4902 ut
157 4837 200 4898 de
217 4827 271 4898 bis
288 4828 394 4896 tantis
411 4827 516 4893 rebus
537 4824 649 4915 aliqui
665 4823 759 4892 docti
776 4837 810 4893 et
831 4823 881 4912 pii
896 4847 995 4893 senes
1013 4825 1088 4915 pla-

101 4935 178 5007 cide
196 4929 364 5018 colloquii
384 4940 535 5017 possent.
587 4925 677 4994 Nam
698 4937 734 4993 et
746 4925 888 4994 collatio
904 4925 1087 5015 cogitatio-

99 5061 185 5106 num
196 5031 345 5121 singulis
364 5031 523 5121 prodest,
541 5040 576 5095 et
589 5049 780 5099 consensus
796 5026 932 5118 aliquot
946 5028 1087 5118 piorum

100 5154 135 5211 et
158 5136 379 5206 eruditorum
405 5129 542 5221 aliquid
566 5128 720 5199 adferret
741 5127 938 5197 autoritatis
962 5130 1088 5196 adver·

99 5263 159 5310 sus
192 5235 406 5307 calumnias..
457 5229 567 5300 Videt
600 5246 717 5300 autem
743 5225 927 5300 Celsitudo
961 5244 1090 5309 vestra,

103 5398 324 5413 ..n—*¹¹*

135 5471 164 5541 ⁸¹)
184 5472 285 5528 Eadem
307 5474 390 5529 verba
413 5426 473 5547 isui
487 5472 569 5528 luber
582 5471 612 5528 iu
624 5446 669 5547 ep.
684 5471 720 5530 stl
733 5426 911 5529 tricenti-
921 5462 961 5527 ‘tli'
970 5471 998 5524 ⁶·
1012 5468 1090 5542 Sept.

172 5541 267 5612 libb,
285 5562 353 5620 quae
366 5541 653 5600 bicwobrendaett·
750 5550 768 5583 '·
795 5556 799 5561 '
819 5556 823 5569 ¹
894 5558 907 5577 ·'

683 381 1121 461 EPlSTOLARUM
1179 387 1285 466 LlB.
1319 388 1400 465 ΧΗ.
1456 387 1586 463 1555.

2075 392 2151 468 458

1162 573 1292 651 quanta
1307 560 1353 630 sit
1368 559 1592 650 ingeniorum
1608 562 1739 646 rabies,
1756 579 1926 655 quantum
1940 566 2074 658 ubique
2091 594 2149 640 ca·

1160 661 1376 731 lumniarum
1396 665 1757 732 venenatissimarum.
1807 663 1881 733 Has
1908 668 1970 737 etsi
1998 691 2071 738 non
2099 670 2148 742 ita

1160 775 1295 847 metuo,
1321 777 1360 832 ut
1373 788 1511 855 semper
1539 767 1726 834 tacendum
1743 789 1816 834 esse
1833 769 1999 848 sentiam,
2027 784 2145 842 tamen

1158 864 1319 953 publicae
1336 866 1603 957 tranquillitatis
1621 889 1722 936 causa
1747 867 1925 936 interdum
1944 872 2052 939 vitare
2071 887 2145 942 stu-

1157 966 1235 1034 deo.
1288 964 1355 1034 Fui
1373 967 1481 1055 igitur
1495 981 1529 1038 et
1549 992 1626 1038 sum
1644 968 1844 1038 contantior
1859 973 1904 1040 ad
1919 971 2144 1043 scribendum

1155 1061 1238 1160 περὶ
1255 1062 1471 1159 ἀμνηστίας.
1525 1068 1594 1140 Sed
1617 1084 1732 1140 tamen
1761 1071 1911 1159 optarim
1934 1096 2056 1142 omnes
2083 1076 2145 1167 qui

1155 1168 1281 1257 docent
1295 1169 1333 1237 in
1344 1168 1511 1240 Ecclesiis
1521 1172 1654 1256 vestris,
1670 1171 1824 1241 formula
1840 1173 1969 1243 decreti
1985 1176 2144 1265 proxima

1155 1262 1282 1362 hyeme
1302 1271 1390 1340 istuc
1407 1274 1506 1356 facti,
1532 1288 1715 1343 contentos
1734 1296 1824 1358 esse,
1840 1275 1918 1344 sine
1935 1278 2071 1345 acerbis
2085 1277 2143 1345 in-

1154 1373 1465 1461 terpretationibus
1492 1400 1532 1443 ac
1559 1377 1617 1464 pio
1644 1398 1819 1444 consensu
1846 1379 1993 1445 eandem
2011 1378 2144 1446 doctri-

1154 1494 1220 1538 nae
1237 1497 1357 1541 vocem
1371 1499 1497 1544 sonare
1514 1499 1647 1557 omnes,
1664 1488 1698 1544 et
1713 1499 1837 1543 sanare
1856 1478 2001 1545 vulnera
2021 1489 2143 1549 mutua

1154 1572 1308 1645 levitate.
1360 1572 1481 1644 Audio
1504 1576 1597 1644 enim
1616 1576 1807 1644 dissimiles
1834 1576 2143 1668 interpretationes

1154 1673 1254 1743 istius
1271 1675 1393 1764 scripti
1408 1677 1528 1768 queri,
1553 1677 1642 1745 sicut
1661 1676 1827 1745 omnibus
1844 1679 1969 1747 seculis
1984 1680 2088 1749 multi
2103 1681 2141 1750 in

1153 1774 1432 1844 dissensionibus
1466 1777 1572 1846 etiam
1606 1777 1694 1846 bene
1729 1777 1822 1847 dicta
1857 1780 2142 1852 cavillationibus

1154 1876 1464 1950 labefactaverunt.
1515 1876 1594 1947 Hoc
1612 1890 1768 1965 tempore
1785 1879 1921 1948 etiamsi
1937 1881 2038 1970 plura
2055 1883 2139 1952 scri·

1151 1978 1235 2046 bere
1254 1979 1401 2060 vellem,
1427 2003 1472 2046 ne
1489 2002 1625 2067 possem
1640 1978 1785 2070 quidem
1807 1991 1841 2047 et
1856 1994 1998 2067 propter
2021 1982 2140 2072 inspe-

1152 2079 1305 2168 ctionem
1321 2075 1558 2147 Ecclesiarum
1585 2079 1622 2146 in
1639 2074 1694 2147 bis
1714 2080 1918 2167 regionibus
1940 2095 1974 2149 et
1995 2097 2140 2173 propter
2244 2140 2247 2147 ,

1152 2179 1238 2248 alias
1254 2179 1511 2269 occupationes.
1563 2177 1617 2248 De
1639 2178 1794 2268 negociis
1816 2181 1967 2272 publicis
1983 2183 2056 2252 dixi
2074 2183 2140 2256 Se-

1151 2282 1301 2350 cretario
1312 2277 1542 2349 Celsitudinis
1553 2296 1687 2352 vestrae
1702 2306 1741 2351 ea
1757 2307 1847 2374 quae
1862 2306 1959 2353 nunc
1973 2286 2139 2366 sciebam,

1151 2377 1205 2450 ue
1234 2383 1304 2451 filia
1331 2373 1494 2451 Lethen·
1524 2396 1667 2475 propter
1700 2384 1806 2453 deum
1841 2399 2042 2456 reverenter
2073 2410 2137 2457 orn

1150 2482 1407 2554 Celsitudinem
1436 2498 1605 2567 vestram,
1637 2497 1678 2555 ut
1712 2485 1903 2557 clementer
1929 2490 2138 2578 respondeat

1150 2609 1195 2653 ne
1222 2580 1382 2678 orphana
1409 2587 1643 2680 relinquatur.
1692 2582 1741 2656 Et
1767 2587 1895 2675 cogitet
1910 2587 2003 2662 Cels.
2020 2603 2135 2658 vestra

1150 2687 1284 2756 dictum
1318 2686 1513 2757 Siracidae:
1554 2685 1640 2758 Esto
1667 2683 1829 2778 orphano
1862 2699 1973 2780 pater.
2032 2689 2137 2759 Tunc

1150 2791 1236 2857 deus
1260 2804 1294 2858 te
1314 2789 1424 2879 magis
1440 2790 1580 2878 diliget,
1603 2813 1708 2881 quarn
1734 2788 1851 2877 diligit
1874 2803 1907 2859 tc
1933 2804 2043 2860 mater
2066 2805 2137 2866 tua.

1150 2887 1248 2977 Quid
1274 2902 1390 2958 autem
1418 2891 1578 2981 promitti
1604 2891 1718 2959 maius
1743 2903 1857 2981 potest
1883 2915 2002 2959 amore
2034 2904 2134 2961 tanto

1148 2990 1212 3084 qui
1234 3004 1374 3082 superet
1397 3005 1592 3061 maternam
1611 2986 1774 3090 στοργὴν
1789 3016 1878 3084 quae
1894 3004 1945 3061 cst
1960 2992 2136 3063 ardentis·

1148 3093 1247 3165 sima.
1299 3088 1396 3162 Deus
1417 3108 1518 3187 pater
1531 3094 1669 3163 domini
1690 3093 1802 3164 nostri
1818 3090 1897 3163 lesu
1910 3086 2044 3164 Christi
2061 3118 2136 3164 ser-

1149 3207 1256 3266 vetet
1272 3195 1445 3285 gubernet
1460 3192 1552 3266 Cels.
1569 3221 1604 3270 v.
1641 3194 1698 3265 die
1711 3192 1757 3268 X.
1773 3190 1920 3286 Aprilis.

1437 3392 1667 3469 Celsitudinis
1695 3411 1831 3467 vestrae

1811 3558 1972 3629 addictus

1667 3653 1856 3752 Philippus
1874 3655 2082 3731 Melanthou

1446 3977 1578 4047 (Pogetta
1589 3979 1672 4045 epr‘rt.
1684 3977 1814 4047 menn.)

1233 4150 1287 4223 De
1299 4149 1518 4225 Execntione
1534 4168 1670 4226 tantum
1685 4149 1753 4223 hoc
1766 4152 1812 4221 do
1827 4151 1966 4221 consilii
1991 4165 2031 4223 ut
2046 4177 2129 4244 pro-

1141 4255 1284 4324 mittant
1308 4270 1462 4344 pastores
1486 4280 1547 4325 seu
1569 4259 1734 4326 docentes
1753 4276 1875 4323 omnes
1897 4253 1936 4323 in
1949 4250 2129 4341 Ecclesiis,

1142 4379 1177 4424 se
1200 4356 1283 4424 illae
1308 4357 1480 4426 formulae
1499 4357 1632 4427 decreti
1653 4358 1956 4445 obtemperaturos
1977 4380 2069 4439 esse,
2094 4371 2128 4428 et

1142 4469 1342 4526 retenturos
1356 4452 1447 4527 hanc
1464 4482 1580 4527 veram
1604 4457 1833 4540 sententiam,
1859 4458 1955 4549 quod
1981 4457 2021 4526 in
2042 4482 2128 4528 con·

1142 4559 1303 4626 versione
1317 4553 1423 4629 homo
1446 4561 1514 4628 lide
1536 4560 1682 4651 accipiat
1704 4556 1946 4626 remissionem
1968 4575 2129 4649 pcccato-

1140 4683 1222 4729 rum
1244 4672 1278 4730 et
1306 4661 1627 4731 reconciliationem
1652 4661 1760 4748 gratis
1787 4673 1932 4750 propter
1956 4661 2127 4731 mediato-

1141 4786 1234 4846 rem,
1257 4774 1292 4831 et
1306 4762 1351 4831 sit
1368 4763 1480 4834 iustus
1496 4763 1533 4831 in
1548 4762 1681 4832 iudicio
1699 4761 1775 4843 dei,
1798 4761 1970 4848 imputata
1987 4761 2125 4832 iusticia

1140 4876 1285 4954 propter
1311 4865 1538 4934 mediatorem
1563 4866 1669 4935 deum
1696 4876 1730 4932 et
1754 4858 1955 4946 bominem,
1981 4885 2044 4953 per
2067 4887 2128 4935 so·

1139 4964 1208 5034 lam
1226 4964 1341 5034 fidem.

1241 5105 1365 5177 Postea
1382 5131 1505 5178 verum
1521 5121 1572 5177 est
1586 5106 1702 5197 ipsum
1727 5102 1913 5171 filiumdei
1936 5096 2049 5203 λόγον
2066 5128 2125 5175 ae.

1141 5207 1234 5279 terni
1249 5207 1358 5296 patris
1371 5206 1487 5276 dicere
1504 5205 1780 5290 consolationem
1800 5204 1838 5272 iu
1853 5210 1976 5291 corde,
2002 5221 2037 5277 et
2052 5230 2125 5276 esse

1139 5304 1312 5377 efficacem
1320 5355 1331 5389 ,
1360 5320 1393 5375 et
1410 5331 1473 5397 per
1492 5332 1573 5376 eum
1587 5306 1665 5375 dari
1679 5304 1842 5397 spiritum
1857 5324 2028 5380 sanctum.
2077 5301 2126 5376 Et

1141 5406 1306 5478 renovari
1319 5400 1519 5494 bominem,
1544 5422 1584 5481 ut
1601 5406 1675 5478 tilio
1696 5406 1757 5491 tlat
1771 5407 1898 5481 similis
1913 5406 1978 5503 qui
1993 5418 2044 5509 σοι
2060 5398 2126 5491 ,λό-

1139 5532 1207 5610 γος
1226 5509 1350 5580 lucens
1373 5504 1412 5576 in
1435 5504 1571 5597 men'te',
1596 5496 2126 5599 ei'll'similis‘rpliitu'raucto
