4776 6024
169 187 220 264 tr
745 171 1180 253 srtsrouattult
1232 173 1340 252 ΗΒ.
1370 174 1454 254 Xll.
1505 173 1639 255 1555.
2149 183 2201 259 48

178 356 337 432 caricam
354 352 616 448 responsionem
630 324 854 424 absblverim.
882 345 953 419 Sed
967 370 1063 420 nunc
1077 369 1158 417 rur-
1209 370 1292 417 men
1309 370 1417 417 unam
1434 371 1475 417 ex
1492 347 1634 420 filiabus
1646 349 1691 419 ad
1707 374 1763 420 me
1778 349 1958 424 transvehi
1972 353 2099 441 velim,
2124 355 2198 427 nisi

179 489 237 538 sus
266 483 341 532 eam
371 459 408 523 in
439 454 572 523 manib.
601 449 726 523 habeo.
784 447 954 541 Exempla
982 447 1157 519 Locorum
1210 447 1298 517 alibi
1321 448 1447 519 melius
1478 451 1668 521 collocatae
1691 466 1784 524 sunt.
1843 453 2068 544 Significabis
2088 457 2199 547 igitur

180 566 279 633 vobis
295 558 443 634 mittam,
468 580 547 624 cum
563 549 801 649 typographus
817 551 1017 624 absolverit.
1056 547 1159 620 Nunc
1211 546 1319 633 mibi,
1346 563 1380 619 et
1402 552 1580 644 quomodo
1602 553 1762 638 alantur,
1787 556 1924 648 etquid
1949 557 2015 627 tibi
2035 558 2199 629 videatur

178 665 280 734 mitto
302 658 413 726 alium
440 651 667 747 libellum*),
701 679 773 726 non
795 668 911 724 vestra
935 651 1084 723 lectione
1104 650 1160 719 di·
1211 651 1348 719 demea
1363 652 1524 743 consilio.
1558 649 1668 722 Edidi
1684 678 1806 724 rursus
1820 653 2033 728 Germanice
2047 661 2199 751 scriptos

176 787 303 855 gnum,
328 761 389 828 sed
407 772 524 827 tamen
539 759 779 826 ostendentem
803 768 941 825 nostros
964 754 1102 821 labores
1120 751 1159 819 in
1210 743 1331 820 Locos
1351 746 1388 821 Τ
1387 745 1612 846 heologiccs,
1644 769 1685 825 ut
1704 754 1866 826 Pastores
1888 759 2050 829 rudiores
2068 762 2198 832 verbo-

175 864 241 935 bac
256 857 462 931 scholastica
476 859 746 949 gubernatione:
773 881 878 949 quam
893 869 933 924 ut
946 851 1042 922 Deus
1057 852 1160 919 adin·
1212 877 1290 920 rum
1310 876 1435 942 genere
1458 856 1603 945 proprio
1624 856 1660 923 in
1680 858 1840 925 doctrina
1862 855 1946 952 περὶ
1967 856 2083 957 τρέων
2104 857 2199 935 ὑπο-

176 982 255 1055 vet,
283 977 357 1032 toto
373 986 452 1031 eum
471 975 609 1051 pectore
625 985 699 1032 oro.
740 953 897 1053 Snepias
917 955 1056 1045 copiose
1070 947 1159 1020 mihi
1212 946 1379 1025 στάσεων
1397 950 1461 1025 καὶ
1483 952 1565 1052 περὶ
1581 950 1816 1051 δικαιοσύνης
1836 973 2017 1054 utcunque
2041 963 2197 1035 instrua-

177 1071 221 1138 de
238 1065 437 1135 Mediatore
453 1061 605 1153 scripsit:
632 1075 667 1132 et
681 1060 836 1128 defendit
852 1059 956 1139 idem,
983 1052 1161 1124 Medieto-
1212 1077 1301 1127 mus.
1340 1053 1425 1124 Tibi
1441 1057 1596 1136 mittam,
1621 1072 1656 1126 et
1671 1060 1765 1138 volo,
1791 1072 1832 1130 ut
1848 1061 2012 1148 inspicias
2027 1077 2196 1156 tanquam

178 1170 228 1238 ris
246 1180 281 1236 ct
294 1162 532 1233 intercessoris
547 1162 702 1232 officium
718 1185 792 1229 non
811 1182 884 1227 esse
900 1157 1159 1226 uniustantum
1212 1155 1328 1226 iudex.
1378 1155 1550 1227 Libenter
1571 1173 1685 1228 tecum
1707 1174 1742 1230 et
1762 1184 1841 1230 cum
1858 1161 1938 1230 aliis
1959 1163 2196 1256 colloquerer:

177 1283 324 1342 uatrrrae
356 1264 622 1356 proprietatem,
657 1263 717 1330 sed
747 1282 936 1352 personae,
966 1259 1159 1326 secundum
1213 1269 1249 1327 et
1263 1257 1292 1324 si
1307 1255 1439 1327 bellum
1455 1253 1540 1328 hine
1554 1282 1620 1328 uos
1634 1260 1801 1351 expellet,
1825 1263 1870 1330 ad
1886 1286 1948 1331 vos
1964 1266 2197 1356 exspatiabor.

176 1386 352 1460 utraeque
387 1379 561 1438 naturam.
629 1361 698 1434 Sed
735 1357 821 1431 baec
855 1360 942 1430 alias
976 1357 1161 1449 copiosius.
1212 1351 1377 1427 Hedicni
1394 1359 1536 1428 difficile
1554 1360 2046 1440 eritsnccessoreminvenire
2065 1390 2197 1457 parem.

180 1472 320 1560 Quaeso
335 1479 373 1536 ut
387 1490 450 1557 per
464 1461 559 1535 hunc
573 1463 796 1535 tabellarium
811 1460 1033 1552 respondeas.
1064 1455 1161 1526 Bene
1214 1457 1256 1528 ln
1270 1453 1327 1527 his
1342 1455 1610 1548 regionibushi,
1634 1486 1788 1554 quorum
1804 1477 1898 1534 aetas
1914 1480 2049 1536 matura
2066 1471 2196 1539 estad·

180 1587 215 1643 et
244 1568 393 1639 feliciter
420 1567 509 1638 vale.
556 1566 624 1636 Die
656 1563 871 1657 aequinoctii
900 1561 1020 1644 verni,
1053 1559 1161 1629 Anno
1216 1560 1707 1642 ministrationi,.retinentur
1726 1563 1834 1633 esuis
1850 1560 2027 1641 Ecclesiis.
2077 1566 2197 1638 Hodie

183 1669 292 1748 1555,
1215 1660 1388 1731 mittimus
1401 1662 1517 1731 virum
1539 1657 1726 1733 honestum
1747 1678 1783 1734 et
1801 1665 1979 1736 eruditum
1995 1661 2032 1760 ”)
2049 1665 2197 1739 Gossla-

863 1758 1060 1854 Philippus.
1214 1762 1408 1831 riensibus:
1440 1765 1501 1832 sed
1533 1763 1588 1831 illi
1610 1765 1769 1834 fortassis
1795 1767 2021 1851 grandiorem
2046 1782 2195 1842 aetatem

1214 1863 1475 1935 desiderabunt.
1537 1858 1739 1936 Nicolaum
1772 1860 1930 1936 Florum
1963 1868 2066 1941 vobis
2100 1894 2197 1940 com-

1104 1965 1151 1979 ”“
1215 1966 1355 2035 mendo.
1406 1963 1487 2034 Scio
1502 1965 1835 2048 enim„essevirum
1853 1964 2053 2054 honestum,
2076 1972 2196 2040 erudi-

938 2124 958 2184 ἃ
1071 2128 1079 2144 ,
1139 2136 1152 2185 t
1215 2080 1308 2145 tum,
1334 2078 1368 2132 et
1383 2080 1556 2135 amantem
1573 2067 1773 2136 communis
1794 2071 2018 2140 concordiae:
2045 2086 2080 2143 et
2100 2074 2195 2156 iussi,

183 2126 381 2255 Q·
946 2145 1163 2251 Q
1214 2179 1254 2235 ut
1269 2166 1334 2234 tibi
1346 2167 1583 2256 obtemperet,
1605 2170 1700 2260 quod
1717 2169 1891 2239 facturum
1907 2195 2031 2241 seesse
2047 2173 2195 2262 promit·

480 2304 515 2390 ι
579 2304 642 2392 M
690 2303 715 2388 b
769 2303 820 2385 h·
1215 2268 1267 2336 tit.
1306 2265 1506 2336 Benevale.
1546 2266 1614 2338 Die
1627 2265 1857 2360 Aequinoctii
1872 2273 1972 2341 verni
1985 2268 2063 2366 (ts.
2080 2269 2194 2342 Mar·

509 2334 548 2390 ⁰'
635 2331 689 2387 ar
716 2330 769 2385 ac
802 2329 858 2385 ω’
1215 2364 1276 2459 tir)
1302 2365 1412 2437 1555.
1460 2367 1619 2438 Salutem
1638 2370 2039 2462 vobisomnibusopto,
2063 2370 2108 2447 D.
2126 2370 2195 2442 Ia·

262 2489 339 2543 usta
363 2484 393 2538 ta
416 2479 596 2536 senecam-nte·
617 2476 829 2598 staupponem
855 2479 905 2532 aas
922 2475 965 2532 tn
981 2472 1163 2545 medardo.
1215 2464 1488 2549 ccboSturmio,
1513 2468 1557 2542 D.
1568 2463 1739 2539 Iohanni
1745 2468 1923 2555 Starmio,
1946 2472 1990 2545 D.
1998 2467 2194 2547 Gardellio.

294 2557 345 2614 unt
364 2556 498 2612 ertantur.
515 2547 578 2602 Vel
591 2544 637 2600 lli
655 2567 682 2619 Ρ·
730 2549 754 2600 ⁸·
1896 2586 2095 2683 Philippus,

180 2706 392 2788 Reverendo
408 2707 501 2794 viro,
528 2700 728 2777 eruditione
745 2711 778 2771 ct
795 2701 923 2773 virtute
944 2702 1162 2801 praestanti,

180 2812 236 2894 D.
270 2806 482 2884 Iohanni
511 2797 793 2901 Marpaclsio
822 2802 981 2875 Ductori
1000 2798 1161 2874 Theolo-
1814 2831 1822 2840 -

179 2918 284 3014 piae,
313 2910 454 2984 docenti
475 2904 724 3000 Euangeliam
750 2905 788 2975 in
814 2902 983 2974 Ecclesia
1004 2902 1096 2992 Dei,
1122 2905 1161 2975 in
1224 2914 1290 2988 No,
1307 2914 1420 2990 5348,
2024 2924 2196 3007 mmm·-

284 3010 423 3108 inelyta
441 3008 527 3080 urbe
542 3011 805 3101 Argentorato,
824 3028 891 3075 sao
906 2999 1062 3075 chariss.
1222 3014 1432 3051 Μ
2019 3017 2190 3048 ww

181 3154 230 3246 S.
248 3167 288 3235 in
302 3158 456 3234 Christo.
506 3155 717 3228 Reverende
733 3153 806 3239 vir,
832 3166 866 3223 et
889 3151 1068 3221 carissime
1090 3152 1162 3221 fra·
1549 3116 1602 3205 ⁶·
1629 3118 1855 3206 Fabricio.

181 3287 254 3353 ter,
284 3264 479 3332 Vobiscum
507 3282 571 3327 oro
595 3255 727 3327 Filium
758 3252 843 3339 Dei,
875 3249 1069 3323 Dominum
1096 3276 1161 3321 no-
1281 3286 1366 3361 ΕΜ
1383 3286 1430 3343 135,
1444 3284 1478 3343 v,
1496 3289 1641 3361 9412,sp

181 3387 294 3443 strum
317 3364 432 3434 lesum
455 3355 655 3443 Christum,
681 3355 884 3426 crucifixum
906 3378 971 3445 pro
996 3354 1100 3424 nobis
1128 3367 1162 3423 et

180 3467 445 3546 resuscitatum,
495 3475 535 3531 ut
572 3454 749 3528 Ecclesiae
790 3457 1003 3527 calamitates
1041 3455 1183 3523 leniat..
1238 3439 1445 3541 Georgia
1469 3439 1714 3532 Fabricio,
1742 3445 1971 3541 gubernanti
1994 3442 2170 3524 Salaciam

180 3569 310 3644 Multis
328 3579 363 3637 et
384 3563 490 3632 variis
513 3559 696 3630 doloribus
714 3557 966 3631 excruciemur.
1016 3554 1106 3627 Nam
1122 3568 1163 3625 ut
1578 3543 1822 3621 Misnenscm.

182 3699 224 3744 ex
239 3670 410 3741 Titanum
428 3662 599 3753 ⁸³¹¹ti⁰l¹¹⁸
619 3675 711 3780 fem
735 3658 823 3779 {¹3⁰⁸
839 3656 1009 3778 Gfganm
1031 3657 1161 3776 ,5⁶⁰⁰st
1215 3683 1384 3767 Delector
1406 3711 1440 3768 et
1464 3722 1583 3768 amore
1604 3711 1723 3770 tuo'et
1748 3700 1877 3787 literis,
1901 3715 1935 3772 et
1955 3702 2024 3772 tibi
2045 3702 2195 3793 gratiam

180 3777 228 3845 ita
245 3795 286 3842 ex
304 3760 493 3839 Osiandri
507 3784 675 3853 saumana
700 3762 760 3829 alu
781 3754 956 3851 sophistae
971 3773 1046 3829 uatr
1067 3772 1161 3830 sunt.
1212 3793 1343 3882 habeo,
1375 3801 1470 3892 quod
1500 3824 1557 3869 me
1580 3799 1685 3871 ,fiam
1714 3823 1862 3869 flumem
1888 3802 2114 3892 epistolarum
2140 3801 2195 3875 hp,

181 3875 245 3971 qui
265 3875 336 3941 iam
360 3894 400 3939 ex
424 3865 565 3982 Prussia
587 3863 837 3979 pelluntrecte
860 3862 1061 3979 sentientes.
1113 3857 1161 3929 Et
1213 3899 1714 3992 mensibusproximisviciffi·
1763 3897 2194 3996 Eleganfiwmperviu·

179 3987 264 4048 sunt
287 3973 400 4042 edicta
423 3978 601 4059 proposita
620 3983 790 4051 sanguine
811 3973 951 4052 scripta.
1000 3956 1161 4030 Stanca-
1232 3999 1242 4016 ·

182 4100 244 4144 rus
260 4074 365 4144 etiam
379 4071 419 4138 in
434 4068 549 4138 vicina
562 4058 724 4134 Marcbia
739 4064 985 4134 tumultuatur.
1025 4059 1159 4131 Interea
1212 3998 1497 4171 ffisssu'sssegiffi
1512 3999 2195 4178 Πιοῗὲἶὲπξᾛεὶῗθοΐωιὲὧτῖἲμῑᾘ

181 4175 313 4245 multos
337 4171 469 4263 ubique
492 4179 704 4258 praestantes
719 4163 833 4247 viros,
858 4162 919 4256 qui
940 4161 1075 4233 utiliter
1089 4160 1159 4232 Ec-
1325 4154 1336 4185 ’
1551 4127 1573 4192 g
1809 4127 1839 4194 μ
2017 4130 2038 4199 (³
2088 4161 2097 4180 ·

643 4271 650 4287 .
672 4267 682 4284 ,
999 4263 1008 4280 ,
1093 4264 1101 4282 ,
1212 4225 1306 4272 nernc
1323 4200 1438 4273 luctus
1458 4203 1620 4285 accessit,
1646 4202 1776 4271 multos
1791 4205 1939 4290 amicos,
1965 4206 2119 4298 optimos
2141 4210 2195 4277 'oi-

181 4275 305 4347 cie-‘³3³²
335 4272 550 4352 servierunt:
582 4288 782 4343 ³ffl¹⁸¹¹⁰¹¹⁸¹
815 4287 965 4382 q⁰⁰f¹¹¹J¹
996 4276 1163 4379 mmm,
1211 4326 1279 4382 ros,
1306 4304 1512 4395 eripuerunt
1526 4297 1615 4370 mibi
1631 4298 1668 4371 hi
1682 4304 1831 4392 proximi
1845 4330 1990 4379 menses.
2026 4306 2194 4379 Nectan-

181 4378 279 4449 auxil
293 4373 398 4443 1¹0b3⁸
416 4392 621 4438 “¹0flf0fflss·
678 4359 941 4436 ⁰⁸1?me
958 4358 1160 4458 Dryandn
1212 4417 1285 4473 tum
1319 4399 1429 4487 mibi,
1459 4405 1521 4472 sed
1554 4405 1658 4475 etiam
1687 4401 1920 4496 Reipublicae
1944 4421 1979 4476 et
2004 4405 2193 4487 Ecclesiae.

180 4493 293 4549 morte
308 4476 377 4544 iam
393 4473 437 4540 ad
454 4496 509 4538 me
525 4470 734 4559 scripserant
748 4468 851 4536 amici
868 4491 908 4536 ex
924 4467 1012 4538 urbe
1021 4466 1159 4538 Norico.
1212 4499 1288 4573 om
1304 4502 1436 4573 Filium

180 4578 303 4672 ltaque
320 4578 363 4644 de
379 4594 487 4642 rrxore
503 4582 537 4640 et
557 4570 696 4638 filiabus
711 4592 806 4638 eram
827 4568 1010 4641 sollicitus.
1060 4565 1160 4636 Tuae

181 4683 301 4751 literae
332 4687 479 4745 narrant
509 4683 544 4742 et
570 4670 690 4740 uxoris
715 4684 874 4738 mortem.
923 4667 996 4738 Nec
1023 4666 1160 4753 dubito,

1453 4504 1538 4589 Dei,
1563 4518 1604 4575 ut
1624 4505 1836 4578 calamitates
1851 4508 2009 4597 publicas
2024 4522 2059 4578 et
2074 4510 2193 4601 priva-

1210 4618 1262 4675 tas
1277 4606 1378 4675 nobis
1395 4604 1516 4674 leniat.
1565 4599 1775 4696 Exemplum
1800 4608 2029 4678 confessionis
2044 4610 2194 4700 scriptae

1210 4704 1349 4775 anobis
1367 4705 1506 4775 nullum
1524 4699 1647 4775 haheo.
1700 4706 1772 4778 Sed
1786 4706 1855 4775 iam
1870 4706 2010 4799 Lipsiae
2031 4713 2194 4785 edentur.

180 4783 280 4852 vobis
303 4773 480 4868 orphanos
504 4796 607 4842 curae
629 4772 714 4839 fore.
764 4767 978 4837 Meministis
994 4767 1089 4835 enim
1102 4767 1160 4836 ‹li-
1208 4800 1232 4899 ἦ
1249 4801 1330 4891 περὶ
1344 4800 2087 4905 admovggfflmcvmwndaetpiam
2110 4813 2193 4882 dico

178 4899 272 4954 ctum
288 4879 480 4951 Siracidae:
515 4872 617 4962 „Qui
633 4866 793 4962 orphano
809 4870 1023 4958 opitulatur,
1049 4869 1159 4957 magis

899 4970 908 4986 .
944 4967 961 4992 ..
1069 4970 1077 4986 .
1210 4909 1253 4975 de
1270 4908 1517 4996 praesentiain
1535 4931 1613 4993 usu,
1639 4933 1802 4979 removeo
1818 4905 2195 5001 prophanationesex-

177 4984 301 5073 diliget
315 5005 394 5049 eum
411 4979 522 5059 Deus,
544 4998 650 5067 quam
663 4983 774 5040 mater
787 4992 941 5060 propera.
999 4965 1158 5039 Etsrnos
1209 5022 1407 5079 pransum..
1443 5005 1918 5102 hmmperlocutimmm·
1968 5009 2192 5084 Nummum

177 5089 305 5157 iterum
331 5104 421 5148 nova
444 5079 546 5148 exilia
566 5089 783 5166 expectamus
805 5085 949 5162 propter
970 5070 1077 5141 bella:
1104 5085 1157 5142 ta·
1212 5118 1217 5125 -
1334 5124 1336 5129 .
1420 5114 1425 5123 -
1859 5112 1862 5117 -

181 5232 401 5253 *μ’*

209 5327 239 5394 a)
259 5319 420 5377 oracionem
439 5316 473 5370 de
492 5314 589 5385 Mysia.
1244 5311 1277 5378 *)
1296 5309 1497 5365 Tekmannurn
1514 5310 1712 5365 Hereditatum.
