4776 6024
245 254 317 331 127
802 227 1236 308 EPISTOLARUM
1286 231 1395 308 LlB.
1420 231 1504 310 ΧΠ.
1558 230 1689 310 1568.
2200 240 2276 321 128

244 433 371 500 vinum
396 421 530 512 accepi,
561 418 690 486 iterum
705 411 877 501 scriptum
890 408 1015 487 fuerit,
1041 419 1083 477 nt
1098 405 1236 476 mittam
1282 405 1349 474 tuit
1367 398 1415 500 ¹³).
1468 402 1615 475 Utinam
1631 407 1752 477 redeat
1768 407 1886 476 salvus
1904 421 1939 477 et
1953 407 2154 484 incolumis.
2205 411 2278 482 sed

244 527 361 603 adhuc
375 545 486 596 unum
500 517 603 589 vobis
617 514 896 603 adiungendum,
919 510 1001 578 misi
1014 500 1238 578 huncGeor-
1281 502 1372 575 nihil
1399 529 1607 598 responsum
1631 521 1702 594 est,
1742 509 1813 577 nisi
1833 509 2032 601 principem
2055 519 2278 599 curaturum,

271 630 347 702 ium
363 614 572 701 Erardam,
597 618 660 712 qul
673 616 741 686 snit
757 629 877 707 pastor
893 612 931 680 in
947 607 1106 681 Ecclesia
1117 605 1236 682 Nart-
1281 621 1320 677 ut
1338 609 1494 703 synodus
1505 610 1544 677 in
1565 607 1758 679 Germania
1776 604 1965 681 habeatur:
1991 605 2078 683 haec
2090 617 2277 707 responsio

230 658 417 813 lasona,
445 724 564 794 virum
588 719 768 789 eruditum
787 730 822 786 et
837 716 1055 797 modestum,
1081 725 1114 781 et
1135 710 1236 779 cuius
1282 724 1333 779 est
1355 713 1480 802 σχῆμα
1502 707 1691 783 πολιτικὸν
1713 716 1782 782 τοῦ
1806 704 1940 810 λόγου,
1980 726 2023 784 ut
2043 709 2276 812 Thucydides

244 831 408 905 doctrina
423 839 477 897 est
491 826 713 912 incorrupta3
742 818 824 887 dedi
842 830 877 886 et
892 817 1011 884 literas
1027 816 1070 882 ad
1090 811 1235 902 amplis-
1282 812 1454 880 nominat.
1488 810 1586 882 Bene
1599 814 1696 893 vale,
1722 815 1779 881 die
1793 815 1854 887 20.
1872 811 1968 888 Iulii.
2010 814 2170 889 Salutem
2189 833 2276 911 opto

244 936 374 1005 dmum
388 943 560 1000 senatum.
612 922 733 1012 Quare
746 934 780 991 te
795 944 857 987 oro
873 931 912 987 ut
925 939 1006 985 enm
1022 913 1174 983 adducas
1189 913 1232 980 ad
1283 912 1326 987 D.
1343 908 1489 982 Kitelio
1507 916 1680 1005 collegae,
1707 929 1741 984 et
1755 915 1835 984 aliis
1851 902 1981 988 aulicis,

244 1059 322 1121 eos,
347 1032 476 1127 quibus
494 1028 614 1097 literae
633 1020 851 1093 exhibendae
870 1031 974 1097 sunt,
1004 1015 1234 1083 commenda-

243 1139 300 1209 bis
321 1138 428 1206 etiam
452 1153 532 1201 eum
554 1127 631 1195 viro
652 1121 844 1193 clarissimo
867 1117 1014 1188 domino
1036 1110 1234 1212 Baptistae

243 1232 429 1310 Hencelio.
479 1232 534 1301 De
552 1226 637 1296 vino
652 1247 731 1315 ages
745 1222 880 1312 gratias¹
891 1218 1108 1310 amplissimo
1121 1217 1234 1288 Sena·
1295 1248 1363 1325 No⁸
1376 1243 1489 1322 5456·

246 1342 317 1421 tui,
344 1336 440 1430 quod
460 1334 499 1400 in
523 1327 720 1420 periculoso
742 1323 869 1394 morbo
891 1320 1053 1412 Principi
1072 1311 1233 1411 Georgia
1289 1345 1502 1384 Μ

244 1434 455 1512 Anhaltino
476 1430 653 1502 medicina
674 1428 754 1498 suit.
821 1423 875 1494 De
897 1446 1015 1514 pugna
1038 1415 1231 1491 Saxoniea

244 1545 344 1636 prius
364 1552 477 1610 totam
493 1530 678 1603 historiam
691 1527 825 1611 scietis,
849 1549 954 1618 quam
970 1519 1036 1593 hae
1050 1524 1172 1593 literae
1187 1522 1232 1591 ad

243 1668 307 1716 vos
322 1638 540 1735 pervenient.
592 1630 676 1702 ldeo
691 1624 785 1698 nihil
800 1630 843 1696 de
858 1651 897 1695 ea
911 1627 1090 1715 tragoedia
1105 1624 1233 1695 scriba.

245 1740 323 1816 Oro
345 1742 479 1812 Filium
497 1735 566 1807 Dei
589 1748 630 1804 ut
648 1732 769 1809 leniat¹
782 1728 996 1805 calamitates
1018 1727 1178 1818 publicas
1200 1738 1234 1792 et
1286 1731 1434 1812 Μίεῇο
1459 1725 2276 1849 ΜιὶιηόωέἰοὶΟΜΝΗΝΜΜΜΟ.

270 1848 410 1917 rivatas.
459 1837 615 1926 Collegis
639 1834 711 1905 tuis
737 1830 903 1901 omnibus
921 1841 1124 1898 reverenter
1138 1828 1234 1896 salu·
1601 1885 1609 1900 ,
1649 1885 1658 1901 ‚
1771 1887 1780 1902 .
1914 1868 1917 1873 .
1981 1886 1989 1903 .
2147 1890 2155 1906 ⁸
2195 1891 2204 1908 ·

244 1872 268 1941 p
1287 1872 1334 1960 S.
1359 1884 1405 1956 D.
1460 1883 1717 1957 Honestissrme
1745 1910 1819 1972 vir,
1853 1898 1888 1957 et
1920 1910 2031 1959 amrce
2059 1881 2278 1966 charissrme.

245 1962 315 2020 “¹¹¹
336 1958 431 2036 ⁰P¹⁰·
483 1939 524 2011 sl
546 1930 1088 2030 propter-'bellaerularecogar,
1113 1931 1235 1998 adm
1286 1987 1444 2071 Scimus,
1483 2000 1674 2081 utrumque
1688 2012 1780 2058 -voce
1801 1987 1923 2059 divina
1946 1989 2167 2080 praedictum
2191 2016 2278 2079 esse,

1288 2105 1322 2161 et
1342 2090 1418 2171 fore
1442 2090 1480 2156 in
1504 2085 1570 2158 hac
1593 2103 1731 2159 senecta
1744 2089 1871 2160 mundi
1888 2090 2037 2161 maiores
2052 2093 2277 2165 contusiones

1288 2191 1424 2281 generis
1449 2186 1615 2273 humani,
1650 2216 1756 2283 quam
1771 2193 1926 2284 ¹suerunt
1947 2206 2067 2279 antea,
2100 2208 2275 2265 ettamen

1288 2293 1422 2362 Filium
1435 2289 1503 2361 Dei
1522 2292 1750 2363 collecturum
1769 2315 1842 2362 esse
1856 2289 2048 2365 Ecclesiam
2062 2295 2167 2367 etiam
2180 2296 2276 2368 iuter

1289 2392 1524 2486 lmperiorum
1540 2395 1673 2468 ruinas.
1723 2393 1886 2466 Servabit
1899 2396 2009 2486 igitur
2022 2397 2141 2493 aliqua
2154 2394 2279 2491 hospi-

1289 2496 1349 2569 tia.
1400 2493 1477 2565 Hac
1500 2519 1565 2565 nos
1587 2519 1649 2587 spe
1669 2497 1913 2583 consolemur,
1941 2510 1977 2568 et
1990 2512 2150 2589 petamus
2166 2515 2204 2572 et
2216 2525 2277 2571 ex-

1289 2609 1468 2687 pectemus
1488 2598 1534 2666 ab
1558 2621 1598 2666 eo
1622 2597 1880 2688 mitigationem
1900 2597 2137 2673 calamitatum
2156 2603 2278 2694 publi-

1289 2722 1410 2768 carum
1424 2712 1458 2768 et
1472 2698 1702 2788 privatarum.
1740 2695 1866 2769 'Doleo
1883 2697 2082 2794 Principem
2098 2698 2145 2796 ¹),
2174 2704 2298 2772 cuius'

1288 2801 1357 2869 fuit
1376 2799 1549 2868 excellens
1570 2799 1774 2889 ingenium,
1809 2801 1998 2872 immatura
2018 2816 2133 2874 morte
2157 2806 2275 2876 extin-

1290 2914 1385 2970 ctum
1406 2923 1490 2972 esse.
1539 2886 1715 2970 Dolebam
1735 2916 1853 2973 autem
1869 2916 1909 2974 et
1928 2917 2048 2995 antea,
2078 2928 2158 2976 curn
2175 2907 2278 2976 vide·
2372 2950 2375 2955 -

1289 3026 1384 3085 rem,
1414 3001 1470 3069 illi
1498 3000 1566 3097 ipsi
1591 2996 1821 3091 Marchioni,¹
1844 3005 1907 3098 qui
1936 3028 2034 3076 nunc
2060 3001 2173 3078 hostis
2200 3009 2279 3092 luit,

1288 3101 1592 3189 tamtamiliarem
1613 3120 1697 3178 esse.
1758 3106 1829 3178 Sed
1852 3106 1977 3178 omitto
2002 3100 2095 3179 hauc
2121 3132 2277 3180 comme·

1289 3204 1544 3284 morationeni.
1584 3194 1587 3199 ⁴
1957 3215 1963 3230 '

1386 3305 1443 3376 De
1464 3306 1614 3397 pecunia
1635 3296 1759 3378 scribit
1772 3300 1950 3384 Andreas.
2001 3296 2106 3382 Nunc
2131 3314 2278 3384 enimet

247 3410 298 3496 S.
311 3416 358 3491 D.
392 3410 602 3486 Reverende
619 3409 686 3492 vir,
713 3419 747 3476 et
760 3398 965 3476 charissime
980 3407 1104 3476 irater:
1129 3404 1237 3475 Prae·
1289 3385 1610 3497 chirurgo-merces
1632 3409 1794 3495 dabitur,
1808 3426 1857 3499 ,et
1877 3412 2033 3484 rationes
2054 3414 2178 3484 reseret
2195 3412 2277 3483 An-

247 3522 352 3595 terita
384 3510 578 3603 vituperari
611 3520 776 3601 possunt,
812 3508 943 3577 mutari
977 3532 1051 3577 non
1078 3522 1236 3599 possunt.
1287 3510 1403 3578 dreas.
1449 3504 1582 3591 Filius,
1614 3507 1683 3579 Dei
1703 3511 1892 3593 beneficio,
1922 3530 2016 3588 recte
2033 3515 2144 3600 valet,
2168 3527 2203 3584 et
2217 3515 2275 3584 di-

247 3620 335 3693 ldeo
351 3639 417 3686 nec
433 3616 477 3683 de
491 3613 607 3697 clade,
635 3634 699 3679 nec
713 3611 758 3678 de
772 3609 885 3678 causis
902 3609 1066 3701 disputo:
1091 3612 1153 3679 sed
1170 3611 1238 3679 do·
1286 3606 1362 3679 scit.
1410 3607 1515 3680 Nunc
1530 3611 1570 3680 in
1588 3600 1681 3682 libro
1694 3615 1738 3682 de
1753 3610 1871 3683 anima
1884 3615 1987 3688 discit
2000 3617 2207 3702 anatomica,
2233 3619 2278 3687 de

245 3725 302 3794 leo
324 3719 517 3790 extinctum
539 3735 612 3783 esse
631 3710 836 3803 Principem
852 3703 909 3804 ¹³),
941 3711 1042 3780 cuius
1064 3712 1236 3781 excellens
1287 3711 1418 3807 quibus
1433 3711 1472 3780 in
1486 3735 1608 3784 mensa
1622 3713 1780 3784 sciscitor
1795 3715 1943 3808 aliquid.
2003 3764 2009 3777 ·
2311 3724 2317 3737 ’

244 3825 360 3896 virtus
371 3820 456 3889 luit:
479 3829 520 3887 ut
535 3818 575 3883 in
590 3810 656 3884 hac
672 3825 848 3904 postrema
864 3834 982 3901 pugna
996 3812 1103 3897 etiam
1118 3827 1237 3884 osten·
1389 3811 1570 3903 Scriptum
1585 3817 1692 3886 estad
1708 3840 1783 3901 me,
1807 3813 1943 3907 Regem
1959 3815 2128 3909 Angliae‚
2154 3823 2277 3892 adole·

246 3926 317 4011 dit,
348 3924 387 3991 in
410 3942 480 4015 qua
501 3910 664 4008 proditus
679 3928 713 3983 et
727 3914 903 3999 desertus,
926 3910 1002 3984 Deo
1019 3913 1163 3983 iuvante
1182 3914 1238 3982 vi·
1288 3927 1443 3999 scentem
1460 3909 1510 4010 ²).
1540 3930 1722 3997 mortuum
1743 3941 1835 4003 esse,
1859 3917 2122 4011 et‘lmperatori
2135 3913 2278 3993 Carolo

245 4029 294 4096 cit
317 4039 455 4104 tamen,
478 4032 514 4090 et
537 4041 601 4089 oro
623 4016 737 4085 filium
753 4010 839 4093 Dei,
865 4025 907 4084 ut
919 4008 1094 4083 Ecclesias
1109 4008 1236 4109 harum
1272 4011 1452 4104 ,Regnum
1484 4022 1558 4105 esse
1587 4018 1901 4091 commendatum.'
1938 4021 1982 4092 ld
2008 4024 2037 4091 si
2063 4046 2189 4094 verum
2216 4038 2278 4102 est,

246 4126 433 4215 regionum
457 4132 617 4212 protegat
639 4129 674 4186 et
697 4115 879 4205 gubernet.
930 4113 1062 4205 Magna
1086 4116 1236 4186 mutatio
1285 4138 1360 4186 non
1384 4114 1569 4209 venietad
1592 4116 1816 4192 Conventum
1835 4106 2046 4195 Ulmensem
2066 4122 2277 4218 Imperator.

246 4224 356 4297 totius
370 4218 575 4290 Germanici
590 4217 732 4309 imperii
747 4216 938 4307 impendet.
975 4214 1073 4307 Rege
1086 4214 1237 4306 Angliae
1284 4214 1382 4286 Bene
1400 4215 1524 4309 yalete.
1574 4216 1642 4290 Die
1656 4218 1901 4313 Magdalenae.

246 4338 406 4402 mortuo,
437 4321 508 4388 iam
530 4341 678 4407 regnum
700 4314 890 4407 Anglicum
910 4314 1120 4410 Imperatori
1140 4342 1237 4388 com·
1466 4326 1471 4333 “
1549 4306 1557 4323 ’
1774 4326 1780 4335 ’

246 4428 451 4497 mendatum
475 4432 543 4490 est:
571 4419 700 4509 etipse
721 4432 910 4510 occupatus
931 4420 1017 4489 novi
1034 4420 1133 4511 regni
1151 4445 1238 4491 con-

246 4527 452 4609 stitutione,
486 4520 579 4589 sinet
594 4516 792 4589 Germanos
812 4520 906 4590 inter
929 4543 1002 4589 sese
1017 4522 1237 4592 tumultuari.
1287 4524 2265 4561 mmm

246 4628 318 4701 Sed
341 4626 417 4698 Deo
438 4644 542 4693 curae
565 4620 633 4689 erit
655 4615 833 4698 Ecclesia,
875 4622 1044 4710 sanguine
1069 4621 1155 4692 Filii
1179 4644 1236 4692 re·
1284 4648 1351 4720 No·
1367 4648 1481 4725 5437·
2106 4674 2117 4727 ,Ι
2142 4660 2280 4735 mm

247 4732 399 4820 dempta.
448 4723 524 4795 Nos
545 4745 629 4791 vero
653 4732 707 4788 tot
730 4720 897 4813 exemplis
913 4716 1044 4790 horum
1060 4742 1236 4792 annorum
1292 4745 1464 4778 ww
2077 4736 2086 4749 ·
2126 4736 2277 4778 κ...»

2147 1267 2205 1328 22.
2216 1257 2277 1326 lul.

1562 1416 1630 1504 M.
1655 1402 1993 1528 Meienbargs‘o.
2058 1418 2064 1433 '
2134 1349 2275 1399 Μ

1354 1579 1440 1652 Epist·
1456 1580 1504 1634 lib.
1519 1579 1553 1631 V.
1572 1598 1599 1649 p.
1611 1577 1663 1632 705
1676 1597 1718 1652 sq.

245 2070 388 2140 quoque
429 2041 590 2112 accedam
629 2028 867 2106 bibliothecae
908 2032 1082 2100 videndae
1121 2053 1234 2103 causa.

173 2144 176 2149 ’
246 2145 445 2217 ΒοοονοῚε.
493 2139 561 2209 Die
579 2138 637 2212 17.
651 2135 735 2207 lulii
745 2189 762 2235 ,ι
780 2130 888 2221 Anno
908 2129 1019 2206 1553.
1116 2179 1118 2184 .

1108 2514 1166 2575 20.
1177 2504 1237 2569 lul.

1109 2599 1233 2624 M

599 2703 709 2817 cpe.
735 2702 883 2790 ditio.

347 2886 445 2944 Manlii
463 2885 559 2954 tarrag.
578 2900 605 2953 p.
618 2881 670 2934 25⁷
684 2900 725 2953 sq.

246 3056 459 3135 Reverendo
492 3056 589 3141 viro,
634 3048 689 3126 D.
721 3045 785 3125 Ν
798 3045 851 3124 Ν.
893 3046 1066 3145 (Libya
1096 3059 1237 3140 adscrips.

247 3158 441 3254 datantes.)
466 3152 612 3258 pastori
627 3148 817 3223 Ecclesiae
831 3147 911 3220 Dei
933 3151 972 3221 in
991 3147 1134 3248 inclyta
1152 3152 1238 3223 urbe

421 3255 584 3337 Brenni,
602 3252 730 3352 fratri
746 3275 814 3323 sua
831 3245 1080 3340 charissima·

2026 4298 2226 4418 Philippos.

246 4826 532 4908 mmmonelacti‚
566 4823 677 4892 simus
699 4821 919 4890 ardentiores
942 4821 981 4888 in
1002 4822 1236 4896 invocatione.

246 4931 301 5001 Te
315 4952 399 5012 oro,
424 4941 465 4996 ut
480 4924 619 5020 quoties
637 4921 706 4992 erit
719 4921 875 5007 occasio,
899 4922 945 4990 ad
960 4945 1026 4991 nos
1044 4923 1187 4995 scribas.

348 5039 507 5115 Stoltias
524 5066 565 5112 ex
581 5040 725 5112 Prussia
744 5063 824 5109 cum
841 5038 981 5133 reliquo
998 5041 1167 5112 comitatu
1180 5064 1237 5111 re·

1593 4822 1648 4908 ο.
1672 4790 1967 4938 aeessnge'n.

1352 4959 1432 5015 Edita
1449 4978 1480 5014 er
1497 4969 1602 5033 autogr.
1621 4965 1686 5019 Mel.
1704 4967 1732 5022 iu
1749 4967 1822 5027 Bibl.
1837 4967 1965 5023 Ulmensi
1983 4968 2013 5023 in
2034 4967 2136 5036 θοοῖς.
2151 4967 2279 5022 Veessn-

1387 5032 1863 5176 ffl‘r'pffffiffifiigfflffffl‘lilu
1875 5042 1923 5109 ¹bes
1936 5040 2063 5123 tltesstus
2076 5043 2128 5111 unt
2142 5036 2279 5109 Reform&

247 5152 324 5222 diit.
374 5138 528 5218 Maius
550 5154 696 5234 propter
716 5143 843 5213 febrim
867 5142 935 5213 iter
955 5142 1069 5215 lacere
1083 5167 1156 5215 non
1170 5169 1236 5237 po·
1284 5192 1492 5209 ...-.....

247 5318 461 5338 ,Μ

280 5406 309 5474 t)
326 5403 509 5478 timim,
524 5397 691 5454 Electorem.

1316 5231 1344 5299 ⁴*)
1363 5229 1427 5286 Vid.
1442 5249 1513 5304 quae
1528 5232 1641 5291 diximus
1656 5237 1684 5289 in
1697 5254 1740 5309 ep.
1756 5235 1790 5291 ad
1802 5236 1894 5309 Stlgel.
1909 5235 1936 5292 d.
1949 5236 1995 5294 26.
2010 5239 2069 5295 lun.

1320 5318 1347 5383 1)
1364 5314 1542 5375 Mauritium.

1317 5403 1348 5472 2)
1364 5400 1509 5458 Eduardus
1520 5401 1588 5498 obiit
1603 5402 1675 5457 siem
1688 5400 1716 5457 tl.
1731 5404 1757 5461 6.
1771 5405 1825 5461 Iul.
1839 5406 1919 5464 1658.
