<?xml version="1.0" encoding="UTF-8"?>
<!DOCTYPE html PUBLIC "-//W3C//DTD XHTML 1.0 Transitional//EN"
    "http://www.w3.org/TR/xhtml1/DTD/xhtml1-transitional.dtd">
<html xmlns="http://www.w3.org/1999/xhtml" xml:lang="en" lang="en">
 <head>
  <title>
</title>
<meta http-equiv="Content-Type" content="text/html;charset=utf-8" />
  <meta name='ocr-system' content='tesseract 3.04.00' />
  <meta name='ocr-capabilities' content='ocr_page ocr_carea ocr_par ocr_line ocrx_word'/>
</head>
<body>
  <div class='ocr_page' id='page_1' title='image "./philippimelanth09melagoog/philippimelanth09melagoog_0020.png"; bbox 0 0 4776 6024; ppageno 0'>
   <div class='ocr_carea' id='block_1_1' title="bbox 769 268 1617 351">
    <p class='ocr_par' dir='ltr' id='par_1_1' title="bbox 769 268 1617 351">
     <span class='ocr_line' id='line_1_1' title="bbox 769 268 1617 351; baseline -0.004 -2"><span class='ocrx_word' id='word_1_1' title='bbox 769 268 1045 349; x_wconf 76' lang='lat' dir='ltr'><strong>ANNALES</strong></span> <span class='ocrx_word' id='word_1_2' title='bbox 1078 268 1265 347; x_wconf 81' lang='lat' dir='ltr'>VITAE</span> <span class='ocrx_word' id='word_1_3' title='bbox 1295 269 1429 351; x_wconf 82' lang='lat' dir='ltr'><strong>MEL.</strong></span> <span class='ocrx_word' id='word_1_4' title='bbox 1482 269 1617 350; x_wconf 78' lang='lat'><strong>1666.</strong></span> 
     </span>
    </p>
   </div>
   <div class='ocr_carea' id='block_1_2' title="bbox 275 1004 2217 1213">
    <p class='ocr_par' dir='ltr' id='par_1_2' title="bbox 275 1004 2217 1212">
     <span class='ocr_line' id='line_1_2' title="bbox 275 1004 2217 1098; baseline -0.007 -16"><span class='ocrx_word' id='word_1_5' title='bbox 275 1068 282 1084; x_wconf 91' lang='lat'><strong>.</strong></span> <span class='ocrx_word' id='word_1_6' title='bbox 318 1015 442 1080; x_wconf 78' lang='lat' dir='ltr'><strong>Cometa</strong></span> <span class='ocrx_word' id='word_1_7' title='bbox 464 1017 646 1098; x_wconf 69' lang='lat' dir='ltr'><strong>conspicitur</strong></span> <span class='ocrx_word' id='word_1_8' title='bbox 667 1036 761 1098; x_wconf 88' lang='lat' dir='ltr'><strong>prope</strong></span> <span class='ocrx_word' id='word_1_9' title='bbox 781 1015 1040 1097; x_wconf 78' lang='grc' dir='ltr'><strong><em>προτρυγητῆρα,</em></strong></span> <span class='ocrx_word' id='word_1_10' title='bbox 1074 1014 1226 1075; x_wconf 73' lang='lat' dir='ltr'><strong>caudam</strong></span> <span class='ocrx_word' id='word_1_11' title='bbox 1217 1034 1251 1072; x_wconf 90' lang='grc' dir='ltr'><strong>ιιι</strong></span> <span class='ocrx_word' id='word_1_12' title='bbox 1264 1008 1424 1093; x_wconf 82' lang='lat' dir='ltr'><strong>Belgicum</strong></span> <span class='ocrx_word' id='word_1_13' title='bbox 1447 1012 1636 1091; x_wconf 72' lang='lat' dir='ltr'><strong>protendens.</strong></span> <span class='ocrx_word' id='word_1_14' title='bbox 1666 1046 1713 1060; x_wconf 94' lang='lat'><em>-</em></span> <span class='ocrx_word' id='word_1_15' title='bbox 1765 1004 1913 1070; x_wconf 80' lang='lat' dir='ltr'><strong>Ascendit</strong></span> <span class='ocrx_word' id='word_1_16' title='bbox 1929 1022 2032 1091; x_wconf 78' lang='lat' dir='ltr'><strong>postes</strong></span> <span class='ocrx_word' id='word_1_17' title='bbox 2049 1007 2087 1068; x_wconf 84' lang='lat' dir='ltr'><strong>nd</strong></span> <span class='ocrx_word' id='word_1_18' title='bbox 2102 1004 2217 1069; x_wconf 83' lang='lat' dir='ltr'><strong>Arctu-</strong></span> 
     </span>
     <span class='ocr_line' id='line_1_3' title="bbox 368 1125 1269 1213; baseline -0.008 -17.129"><span class='ocrx_word' id='word_1_19' title='bbox 368 1149 512 1213; x_wconf 88' lang='lat' dir='ltr'><strong>rum,et</strong></span> <span class='ocrx_word' id='word_1_20' title='bbox 526 1134 563 1194; x_wconf 84' lang='lat' dir='ltr'><strong>ad</strong></span> <span class='ocrx_word' id='word_1_21' title='bbox 576 1137 725 1194; x_wconf 81' lang='lat' dir='ltr'><strong>minorem</strong></span> <span class='ocrx_word' id='word_1_22' title='bbox 747 1151 859 1194; x_wconf 85' lang='lat' dir='ltr'><strong>ursum.</strong></span> <span class='ocrx_word' id='word_1_23' title='bbox 911 1125 986 1191; x_wconf 87' lang='lat' dir='ltr'><strong>Vid.</strong></span> <span class='ocrx_word' id='word_1_24' title='bbox 1001 1152 1049 1211; x_wconf 86' lang='lat' dir='ltr'><strong>ep.</strong></span> <span class='ocrx_word' id='word_1_25' title='bbox 1067 1131 1098 1195; x_wconf 90' lang='lat' dir='ltr'><strong>d.</strong></span> <span class='ocrx_word' id='word_1_26' title='bbox 1121 1139 1175 1199; x_wconf 82' lang='lat'><strong>13.</strong></span> <span class='ocrx_word' id='word_1_27' title='bbox 1190 1126 1269 1212; x_wconf 75' lang='lat' dir='ltr'><strong>Aps.</strong></span> 
     </span>
    </p>
   </div>
   <div class='ocr_carea' id='block_1_3' title="bbox 318 1309 2189 1599">
    <p class='ocr_par' dir='ltr' id='par_1_3' title="bbox 318 1309 2189 1599">
     <span class='ocr_line' id='line_1_4' title="bbox 318 1309 2189 1480; baseline -0.007 -18"><span class='ocrx_word' id='word_1_28' title='bbox 318 1396 429 1462; x_wconf 75' lang='lat' dir='ltr'><strong>Scribit</strong></span> <span class='ocrx_word' id='word_1_29' title='bbox 443 1402 481 1461; x_wconf 82' lang='lat' dir='ltr'><strong>ad</strong></span> <span class='ocrx_word' id='word_1_30' title='bbox 494 1398 716 1465; x_wconf 74' lang='lat' dir='ltr'><strong>camerarium:</strong></span> <span class='ocrx_word' id='word_1_31' title='bbox 745 1419 835 1478; x_wconf 90' lang='lat' dir='ltr'><strong>„non</strong></span> <span class='ocrx_word' id='word_1_32' title='bbox 848 1309 983 1480; x_wconf 67' lang='lat' dir='ltr'><strong>poeticae</strong></span> <span class='ocrx_word' id='word_1_33' title='bbox 998 1365 1186 1461; x_wconf 81' lang='lat' dir='ltr'><strong>carnificinae</strong></span> <span class='ocrx_word' id='word_1_34' title='bbox 1209 1395 1291 1479; x_wconf 80' lang='lat' dir='ltr'><strong>apud</strong></span> <span class='ocrx_word' id='word_1_35' title='bbox 1312 1330 1427 1456; x_wconf 78' lang='lat' dir='ltr'><strong>inlotos</strong></span> <span class='ocrx_word' id='word_1_36' title='bbox 1451 1416 1537 1476; x_wconf 78' lang='lat' dir='ltr'><strong>pares</strong></span> <span class='ocrx_word' id='word_1_37' title='bbox 1559 1408 1630 1458; x_wconf 88' lang='lat' dir='ltr'><strong>sunt</strong></span> <span class='ocrx_word' id='word_1_38' title='bbox 1653 1416 1737 1458; x_wconf 85' lang='lat' dir='ltr'><strong>meae</strong></span> <span class='ocrx_word' id='word_1_39' title='bbox 1759 1400 2014 1480; x_wconf 82' lang='lat' dir='ltr'><strong>carnificincequa</strong></span> <span class='ocrx_word' id='word_1_40' title='bbox 2031 1395 2189 1453; x_wconf 83' lang='lat' dir='ltr'><strong>excrucior</strong></span> 
     </span>
     <span class='ocr_line' id='line_1_5' title="bbox 368 1513 1448 1599; baseline -0.003 -20"><span class='ocrx_word' id='word_1_41' title='bbox 368 1517 529 1579; x_wconf 76' lang='lat' dir='ltr'><strong>scribendis</strong></span> <span class='ocrx_word' id='word_1_42' title='bbox 544 1517 813 1599; x_wconf 85' lang='lat' dir='ltr'><strong>disputationibus,</strong></span> <span class='ocrx_word' id='word_1_43' title='bbox 840 1517 976 1596; x_wconf 88' lang='lat' dir='ltr'><strong>legibus,</strong></span> <span class='ocrx_word' id='word_1_44' title='bbox 1001 1516 1255 1597; x_wconf 81' lang='lat' dir='ltr'><strong>praelationibus,</strong></span> <span class='ocrx_word' id='word_1_45' title='bbox 1281 1513 1448 1596; x_wconf 88' lang='lat' dir='ltr'><strong>epistolis.”</strong></span> 
     </span>
    </p>
   </div>
   <div class='ocr_carea' id='block_1_4' title="bbox 287 2293 1860 2381">
    <p class='ocr_par' dir='ltr' id='par_1_4' title="bbox 287 2293 1860 2381">
     <span class='ocr_line' id='line_1_6' title="bbox 287 2293 1860 2381; baseline -0.003 -22"><span class='ocrx_word' id='word_1_46' title='bbox 287 2350 295 2368; x_wconf 86' lang='grc'><em>,</em></span> <span class='ocrx_word' id='word_1_47' title='bbox 326 2295 442 2360; x_wconf 78' lang='lat' dir='ltr'>Rursus</span> <span class='ocrx_word' id='word_1_48' title='bbox 457 2297 554 2358; x_wconf 81' lang='lat' dir='ltr'><strong>editur</strong></span> <span class='ocrx_word' id='word_1_49' title='bbox 567 2293 770 2358; x_wconf 79' lang='lat' dir='ltr'><strong>Melanthouis</strong></span> <span class='ocrx_word' id='word_1_50' title='bbox 785 2300 931 2355; x_wconf 75' lang='lat' dir='ltr'><strong>enarratio</strong></span> <span class='ocrx_word' id='word_1_51' title='bbox 948 2299 1091 2377; x_wconf 87' lang='lat' dir='ltr'><strong>epistolae</strong></span> <span class='ocrx_word' id='word_1_52' title='bbox 1107 2297 1144 2358; x_wconf 86' lang='lat' dir='ltr'><strong>ad</strong></span> <span class='ocrx_word' id='word_1_53' title='bbox 1159 2293 1331 2376; x_wconf 85' lang='lat' dir='ltr'><strong>Romanos,</strong></span> <span class='ocrx_word' id='word_1_54' title='bbox 1360 2320 1450 2381; x_wconf 87' lang='lat' dir='ltr'><strong>quam</strong></span> <span class='ocrx_word' id='word_1_55' title='bbox 1466 2297 1567 2360; x_wconf 89' lang='lat' dir='ltr'><strong>Ulrico</strong></span> <span class='ocrx_word' id='word_1_56' title='bbox 1583 2297 1752 2361; x_wconf 81' lang='lat' dir='ltr'><strong>Mordisino</strong></span> <span class='ocrx_word' id='word_1_57' title='bbox 1770 2297 1860 2357; x_wconf 80' lang='lat' dir='ltr'><strong>dicat.</strong></span> 
     </span>
    </p>
   </div>
   <div class='ocr_carea' id='block_1_5' title="bbox 204 2414 786 2512">
    <p class='ocr_par' dir='ltr' id='par_1_5' title="bbox 204 2414 786 2512">
     <span class='ocr_line' id='line_1_7' title="bbox 204 2414 786 2512; baseline -0.022 -12"><span class='ocrx_word' id='word_1_58' title='bbox 204 2424 209 2436; x_wconf 61' lang='grc'>’</span> <span class='ocrx_word' id='word_1_59' title='bbox 260 2438 263 2443; x_wconf 78' lang='grc'><strong>’</strong></span> <span class='ocrx_word' id='word_1_60' title='bbox 287 2485 296 2507; x_wconf 83' lang='grc'><em>,</em></span> <span class='ocrx_word' id='word_1_61' title='bbox 328 2428 402 2494; x_wconf 83' lang='lat' dir='ltr'><strong>Mel.</strong></span> <span class='ocrx_word' id='word_1_62' title='bbox 418 2414 556 2512; x_wconf 82' lang='lat' dir='ltr'><strong>Lipsiam</strong></span> <span class='ocrx_word' id='word_1_63' title='bbox 579 2429 786 2509; x_wconf 84' lang='lat' dir='ltr'><strong>proficiscitur.</strong></span> 
     </span>
    </p>
   </div>
   <div class='ocr_carea' id='block_1_6' title="bbox 263 2674 2232 3294">
    <p class='ocr_par' dir='ltr' id='par_1_6' title="bbox 263 2674 2232 3290">
     <span class='ocr_line' id='line_1_8' title="bbox 266 2674 1254 2763; baseline 0.004 -23"><span class='ocrx_word' id='word_1_64' title='bbox 266 2700 298 2758; x_wconf 76' lang='lat'><strong>1,</strong></span> <span class='ocrx_word' id='word_1_65' title='bbox 331 2677 490 2742; x_wconf 84' lang='lat' dir='ltr'><strong>intercedit</strong></span> <span class='ocrx_word' id='word_1_66' title='bbox 504 2681 584 2762; x_wconf 89' lang='lat' dir='ltr'><strong>apud</strong></span> <span class='ocrx_word' id='word_1_67' title='bbox 598 2676 759 2740; x_wconf 88' lang='lat' dir='ltr'><strong>Albertum</strong></span> <span class='ocrx_word' id='word_1_68' title='bbox 774 2674 892 2739; x_wconf 83' lang='lat' dir='ltr'><strong>Ducem</strong></span> <span class='ocrx_word' id='word_1_69' title='bbox 908 2677 1045 2742; x_wconf 84' lang='lat' dir='ltr'><strong>Prussiae</strong></span> <span class='ocrx_word' id='word_1_70' title='bbox 1058 2705 1113 2763; x_wconf 86' lang='lat' dir='ltr'><strong>pro</strong></span> <span class='ocrx_word' id='word_1_71' title='bbox 1131 2679 1254 2744; x_wconf 86' lang='lat' dir='ltr'><strong>Sabino.</strong></span> 
     </span>
     <span class='ocr_line' id='line_1_9' title="bbox 332 2814 1220 2898; baseline -0.001 -18"><span class='ocrx_word' id='word_1_72' title='bbox 332 2815 610 2881; x_wconf 83' lang='lat' dir='ltr'><strong>Schwenckfeldius</strong></span> <span class='ocrx_word' id='word_1_73' title='bbox 627 2820 744 2895; x_wconf 79' lang='lat' dir='ltr'><strong>scripsit</strong></span> <span class='ocrx_word' id='word_1_74' title='bbox 762 2821 864 2874; x_wconf 84' lang='lat' dir='ltr'><strong>c&#39;ontre</strong></span> <span class='ocrx_word' id='word_1_75' title='bbox 880 2829 943 2876; x_wconf 86' lang='lat' dir='ltr'><strong>acta</strong></span> <span class='ocrx_word' id='word_1_76' title='bbox 958 2814 1220 2898; x_wconf 84' lang='lat' dir='ltr'><strong>Norlubergensia.</strong></span> 
     </span>
     <span class='ocr_line' id='line_1_10' title="bbox 263 2949 813 3031; baseline -0.011 -14"><span class='ocrx_word' id='word_1_77' title='bbox 263 2962 298 3022; x_wconf 85' lang='lat'><strong>7.</strong></span> <span class='ocrx_word' id='word_1_78' title='bbox 332 2953 405 3016; x_wconf 86' lang='lat' dir='ltr'><strong>Mel.</strong></span> <span class='ocrx_word' id='word_1_79' title='bbox 420 2966 464 3012; x_wconf 90' lang='lat' dir='ltr'><strong>est</strong></span> <span class='ocrx_word' id='word_1_80' title='bbox 484 2956 593 3013; x_wconf 85' lang='lat' dir='ltr'><strong>iterum</strong></span> <span class='ocrx_word' id='word_1_81' title='bbox 606 2949 813 3031; x_wconf 84' lang='lat' dir='ltr'><strong>Witebergae.</strong></span> 
     </span>
     <span class='ocr_line' id='line_1_11' title="bbox 294 3082 2230 3169; baseline -0.004 -19"><span class='ocrx_word' id='word_1_82' title='bbox 294 3131 302 3149; x_wconf 85' lang='lat'><strong>.</strong></span> <span class='ocrx_word' id='word_1_83' title='bbox 335 3086 509 3169; x_wconf 81' lang='lat' dir='ltr'><strong>Disputatio</strong></span> <span class='ocrx_word' id='word_1_84' title='bbox 527 3088 649 3168; x_wconf 80' lang='lat' dir='ltr'><strong>publica</strong></span> <span class='ocrx_word' id='word_1_85' title='bbox 660 3089 697 3149; x_wconf 77' lang='lat' dir='ltr'><strong>iu</strong></span> <span class='ocrx_word' id='word_1_86' title='bbox 710 3082 875 3147; x_wconf 72' lang='lat' dir='ltr'><strong>Academia</strong></span> <span class='ocrx_word' id='word_1_87' title='bbox 889 3083 1008 3149; x_wconf 82' lang='lat' dir='ltr'><strong>Witeb.</strong></span> <span class='ocrx_word' id='word_1_88' title='bbox 1026 3085 1114 3151; x_wconf 85' lang='lat' dir='ltr'><strong>Pauli</strong></span> <span class='ocrx_word' id='word_1_89' title='bbox 1134 3091 1172 3148; x_wconf 84' lang='lat' dir='ltr'><strong>cb</strong></span> <span class='ocrx_word' id='word_1_90' title='bbox 1187 3083 1312 3164; x_wconf 82' lang='lat' dir='ltr'><strong>Eitzeu,</strong></span> <span class='ocrx_word' id='word_1_91' title='bbox 1338 3091 1389 3148; x_wconf 84' lang='lat' dir='ltr'><strong>cui</strong></span> <span class='ocrx_word' id='word_1_92' title='bbox 1403 3083 1581 3149; x_wconf 74' lang='lat' dir='ltr'><strong>Melanthon</strong></span> <span class='ocrx_word' id='word_1_93' title='bbox 1598 3088 1700 3168; x_wconf 70' lang='lat' dir='ltr'><strong>capita</strong></span> <span class='ocrx_word' id='word_1_94' title='bbox 1709 3085 1922 3168; x_wconf 77' lang='lat' dir='ltr'><strong>disputetionis</strong></span> <span class='ocrx_word' id='word_1_95' title='bbox 1945 3088 2064 3166; x_wconf 81' lang='lat' dir='ltr'><strong>scripsit</strong></span> <span class='ocrx_word' id='word_1_96' title='bbox 2079 3084 2117 3146; x_wconf 87' lang='lat' dir='ltr'><strong>de</strong></span> <span class='ocrx_word' id='word_1_97' title='bbox 2136 3089 2230 3145; x_wconf 88' lang='lat' dir='ltr'><strong>inter-</strong></span> 
     </span>
     <span class='ocr_line' id='line_1_12' title="bbox 387 3199 2232 3294; baseline -0.002 -27"><span class='ocrx_word' id='word_1_98' title='bbox 387 3210 518 3267; x_wconf 84' lang='lat' dir='ltr'><strong>cessione</strong></span> <span class='ocrx_word' id='word_1_99' title='bbox 529 3204 642 3269; x_wconf 82' lang='lat' dir='ltr'><strong>Christi</strong></span> <span class='ocrx_word' id='word_1_100' title='bbox 658 3215 761 3265; x_wconf 87' lang='lat' dir='ltr'><strong>contra</strong></span> <span class='ocrx_word' id='word_1_101' title='bbox 769 3199 930 3284; x_wconf 65' lang='lat' dir='ltr'><strong>Cannium,</strong></span> <span class='ocrx_word' id='word_1_102' title='bbox 956 3202 1151 3287; x_wconf 81' lang='lat' dir='ltr'><strong>Theologtun</strong></span> <span class='ocrx_word' id='word_1_103' title='bbox 1158 3202 1346 3288; x_wconf 73' lang='lat' dir='ltr'><strong>Pergamon,</strong></span> <span class='ocrx_word' id='word_1_104' title='bbox 1373 3228 1427 3290; x_wconf 83' lang='lat' dir='ltr'><strong>qut</strong></span> <span class='ocrx_word' id='word_1_105' title='bbox 1417 3204 1805 3294; x_wconf 70' lang='lat' dir='ltr'><strong>reprehendebatl&#39;ormsn</strong></span> <span class='ocrx_word' id='word_1_106' title='bbox 1818 3224 1959 3288; x_wconf 75' lang='lat' dir='ltr'><strong>poeoum:</strong></span> <span class='ocrx_word' id='word_1_107' title='bbox 1987 3208 2053 3283; x_wconf 80' lang='lat' dir='ltr'><strong>„isli</strong></span> <span class='ocrx_word' id='word_1_108' title='bbox 2067 3201 2141 3284; x_wconf 77' lang='lat' dir='ltr'><strong>Det,</strong></span> <span class='ocrx_word' id='word_1_109' title='bbox 2162 3202 2232 3271; x_wconf 86' lang='lat' dir='ltr'><strong>Iesu</strong></span> 
     </span>
    </p>
   </div>
   <div class='ocr_carea' id='block_1_7' title="bbox 386 3308 2231 3523">
    <p class='ocr_par' dir='ltr' id='par_1_7' title="bbox 386 3308 2231 3523">
     <span class='ocr_line' id='line_1_13' title="bbox 386 3308 2231 3448; baseline -0.005 -56"><span class='ocrx_word' id='word_1_110' title='bbox 386 3325 524 3414; x_wconf 75' lang='lat' dir='ltr'><strong>Christo,</strong></span> <span class='ocrx_word' id='word_1_111' title='bbox 546 3323 695 3387; x_wconf 81' lang='lat' dir='ltr'><strong>intercede</strong></span> <span class='ocrx_word' id='word_1_112' title='bbox 715 3344 770 3405; x_wconf 80' lang='lat' dir='ltr'><strong>pso</strong></span> <span class='ocrx_word' id='word_1_113' title='bbox 783 3315 899 3386; x_wconf 87' lang='lat' dir='ltr'><strong>uobis’&#39;</strong></span> <span class='ocrx_word' id='word_1_114' title='bbox 908 3339 971 3402; x_wconf 88' lang='lat' dir='ltr'><strong>‚et</strong></span> <span class='ocrx_word' id='word_1_115' title='bbox 986 3327 1200 3404; x_wconf 76' lang='lat' dir='ltr'><strong>contendebat,</strong></span> <span class='ocrx_word' id='word_1_116' title='bbox 1225 3329 1323 3388; x_wconf 86' lang='lat' dir='ltr'><strong>lilium</strong></span> <span class='ocrx_word' id='word_1_117' title='bbox 1347 3320 1406 3386; x_wconf 85' lang='lat' dir='ltr'><strong>Dei</strong></span> <span class='ocrx_word' id='word_1_118' title='bbox 1426 3334 1498 3386; x_wconf 85' lang='grc' dir='ltr'>ιιοιι</span> <span class='ocrx_word' id='word_1_119' title='bbox 1509 3335 1545 3386; x_wconf 86' lang='lat' dir='ltr'><strong>ut</strong></span> <span class='ocrx_word' id='word_1_120' title='bbox 1564 3323 1776 3402; x_wconf 77' lang='lat' dir='ltr'><strong>mediatorem,</strong></span> <span class='ocrx_word' id='word_1_121' title='bbox 1811 3308 1863 3386; x_wconf 70' lang='lat' dir='ltr'><strong>ud</strong></span> <span class='ocrx_word' id='word_1_122' title='bbox 1883 3335 1919 3385; x_wconf 93' lang='lat' dir='ltr'><strong>ut</strong></span> <span class='ocrx_word' id='word_1_123' title='bbox 1937 3318 2057 3448; x_wconf 68' lang='grc' dir='ltr'>Βιαιιι,</span> <span class='ocrx_word' id='word_1_124' title='bbox 2082 3324 2231 3383; x_wconf 86' lang='lat' dir='ltr'><strong>bonorum</strong></span> 
     </span>
     <span class='ocr_line' id='line_1_14' title="bbox 387 3437 1473 3523; baseline 0.001 -19"><span class='ocrx_word' id='word_1_125' title='bbox 387 3444 541 3521; x_wconf 68' lang='lat' dir='ltr'><strong>datorem,</strong></span> <span class='ocrx_word' id='word_1_126' title='bbox 567 3440 855 3521; x_wconf 80' lang='lat' dir='ltr'><strong>invocandumesse.</strong></span> <span class='ocrx_word' id='word_1_127' title='bbox 908 3438 956 3503; x_wconf 82' lang='lat' dir='ltr'><strong>Cl.</strong></span> <span class='ocrx_word' id='word_1_128' title='bbox 972 3464 1020 3523; x_wconf 85' lang='lat' dir='ltr'><strong>op.</strong></span> <span class='ocrx_word' id='word_1_129' title='bbox 1040 3443 1070 3509; x_wconf 91' lang='lat' dir='ltr'><strong>d.</strong></span> <span class='ocrx_word' id='word_1_130' title='bbox 1088 3451 1144 3511; x_wconf 81' lang='lat'><strong>23.</strong></span> <span class='ocrx_word' id='word_1_131' title='bbox 1157 3441 1234 3504; x_wconf 85' lang='lat' dir='ltr'><strong>Maii</strong></span> <span class='ocrx_word' id='word_1_132' title='bbox 1249 3443 1325 3508; x_wconf 90' lang='lat' dir='ltr'><strong>etd.</strong></span> <span class='ocrx_word' id='word_1_133' title='bbox 1344 3450 1399 3511; x_wconf 80' lang='lat'><strong>13</strong></span> <span class='ocrx_word' id='word_1_134' title='bbox 1412 3437 1473 3509; x_wconf 81' lang='lat' dir='ltr'><strong>lul.</strong></span> 
     </span>
    </p>
   </div>
   <div class='ocr_carea' id='block_1_8' title="bbox 273 3704 1184 3794">
    <p class='ocr_par' dir='ltr' id='par_1_8' title="bbox 273 3704 1184 3794">
     <span class='ocr_line' id='line_1_15' title="bbox 273 3704 1184 3794; baseline 0.005 -25"><span class='ocrx_word' id='word_1_135' title='bbox 273 3731 305 3790; x_wconf 80' lang='lat'><strong>1,</strong></span> <span class='ocrx_word' id='word_1_136' title='bbox 339 3705 514 3769; x_wconf 82' lang='lat' dir='ltr'><strong>Melanthon</strong></span> <span class='ocrx_word' id='word_1_137' title='bbox 530 3721 652 3769; x_wconf 75' lang='lat' dir='ltr'><strong>vocatus</strong></span> <span class='ocrx_word' id='word_1_138' title='bbox 665 3704 811 3769; x_wconf 81' lang='lat' dir='ltr'><strong>Dresdem</strong></span> <span class='ocrx_word' id='word_1_139' title='bbox 825 3712 1021 3790; x_wconf 88' lang='lat' dir='ltr'><strong>proficiscitur</strong></span> <span class='ocrx_word' id='word_1_140' title='bbox 1037 3708 1184 3794; x_wconf 84' lang='lat' dir='ltr'><strong>Lipsiam.</strong></span> 
     </span>
    </p>
   </div>
   <div class='ocr_carea' id='block_1_9' title="bbox 273 3842 2021 4188">
    <p class='ocr_par' dir='ltr' id='par_1_9' title="bbox 273 3842 2021 4188">
     <span class='ocr_line' id='line_1_16' title="bbox 273 3842 2021 3941; baseline -0.003 -33"><span class='ocrx_word' id='word_1_141' title='bbox 273 3864 305 3924; x_wconf 77' lang='lat'><strong>3,</strong></span> <span class='ocrx_word' id='word_1_142' title='bbox 340 3844 463 3929; x_wconf 86' lang='lat' dir='ltr'><strong>Lipsiae</strong></span> <span class='ocrx_word' id='word_1_143' title='bbox 478 3847 634 3906; x_wconf 88' lang='lat' dir='ltr'><strong>subscribit</strong></span> <span class='ocrx_word' id='word_1_144' title='bbox 647 3846 828 3923; x_wconf 80' lang='lat' dir='ltr'><strong>formulam,</strong></span> <span class='ocrx_word' id='word_1_145' title='bbox 852 3867 912 3929; x_wconf 87' lang='lat' dir='ltr'><strong>qua</strong></span> <span class='ocrx_word' id='word_1_146' title='bbox 926 3853 1126 3941; x_wconf 69' lang='lat' dir='ltr'><strong>controversia</strong></span> <span class='ocrx_word' id='word_1_147' title='bbox 1141 3848 1229 3911; x_wconf 83' lang='lat' dir='ltr'><strong>Pacci</strong></span> <span class='ocrx_word' id='word_1_148' title='bbox 1242 3870 1312 3910; x_wconf 87' lang='lat' dir='ltr'><strong>cum</strong></span> <span class='ocrx_word' id='word_1_149' title='bbox 1329 3854 1395 3912; x_wconf 85' lang='lat' dir='ltr'><strong>aliis</strong></span> <span class='ocrx_word' id='word_1_150' title='bbox 1410 3847 1671 3910; x_wconf 65' lang='lat' dir='ltr'><strong>concionatoribus</strong></span> <span class='ocrx_word' id='word_1_151' title='bbox 1685 3842 1772 3928; x_wconf 84' lang='lat' dir='ltr'><strong>Lips.</strong></span> <span class='ocrx_word' id='word_1_152' title='bbox 1789 3850 1954 3927; x_wconf 87' lang='lat' dir='ltr'><strong>composita</strong></span> <span class='ocrx_word' id='word_1_153' title='bbox 1969 3858 2021 3905; x_wconf 84' lang='lat' dir='ltr'><strong>est.</strong></span> 
     </span>
     <span class='ocr_line' id='line_1_17' title="bbox 339 3950 1566 4057; baseline 0.004 -16"><span class='ocrx_word' id='word_1_154' title='bbox 339 3977 446 4041; x_wconf 84' lang='lat' dir='ltr'><strong>Postea</strong></span> <span class='ocrx_word' id='word_1_155' title='bbox 468 3979 664 4057; x_wconf 86' lang='lat' dir='ltr'><strong>proficiscitur</strong></span> <span class='ocrx_word' id='word_1_156' title='bbox 685 3974 850 4054; x_wconf 82' lang='lat' dir='ltr'><strong>Dresdasu,</strong></span> <span class='ocrx_word' id='word_1_157' title='bbox 875 3950 1182 4040; x_wconf 46' lang='lat' dir='ltr'><strong>comitibus‘Peucero</strong></span> <span class='ocrx_word' id='word_1_158' title='bbox 1198 3960 1234 4042; x_wconf 75' lang='lat' dir='ltr'><strong>et&#39;</strong></span> <span class='ocrx_word' id='word_1_159' title='bbox 1243 3976 1361 4043; x_wconf 80' lang='lat' dir='ltr'><strong>Martha</strong></span> <span class='ocrx_word' id='word_1_160' title='bbox 1374 3984 1436 4041; x_wconf 85' lang='lat' dir='ltr'><strong>filia</strong></span> <span class='ocrx_word' id='word_1_161' title='bbox 1451 3977 1566 4046; x_wconf 87' lang='lat' dir='ltr'><strong>Sabini.</strong></span> 
     </span>
     <span class='ocr_line' id='line_1_18' title="bbox 340 4104 993 4188; baseline 0 -18"><span class='ocrx_word' id='word_1_162' title='bbox 340 4107 457 4171; x_wconf 82' lang='lat' dir='ltr'><strong>Iudicat</strong></span> <span class='ocrx_word' id='word_1_163' title='bbox 473 4108 510 4167; x_wconf 90' lang='lat' dir='ltr'><strong>de</strong></span> <span class='ocrx_word' id='word_1_164' title='bbox 525 4104 652 4188; x_wconf 85' lang='lat' dir='ltr'><strong>Synodo</strong></span> <span class='ocrx_word' id='word_1_165' title='bbox 666 4114 834 4188; x_wconf 85' lang='lat' dir='ltr'><strong>germanica</strong></span> <span class='ocrx_word' id='word_1_166' title='bbox 850 4109 993 4171; x_wconf 80' lang='lat' dir='ltr'><strong>habenda.</strong></span> 
     </span>
    </p>
   </div>
   <div class='ocr_carea' id='block_1_10' title="bbox 201 4216 1466 4497">
    <p class='ocr_par' dir='ltr' id='par_1_10' title="bbox 201 4216 1466 4497">
     <span class='ocr_line' id='line_1_19' title="bbox 270 4216 1466 4333; baseline -0.004 -25"><span class='ocrx_word' id='word_1_167' title='bbox 270 4265 318 4326; x_wconf 80' lang='grc'><strong>9,,·</strong></span> <span class='ocrx_word' id='word_1_168' title='bbox 331 4240 394 4307; x_wconf 70' lang='lat' dir='ltr'><strong>Est</strong></span> <span class='ocrx_word' id='word_1_169' title='bbox 409 4246 448 4311; x_wconf 83' lang='lat' dir='ltr'><strong>in·</strong></span> <span class='ocrx_word' id='word_1_170' title='bbox 459 4231 572 4324; x_wconf 88' lang='lat' dir='ltr'><strong>oppido</strong></span> <span class='ocrx_word' id='word_1_171' title='bbox 584 4237 816 4333; x_wconf 80' lang='lat' dir='ltr'><strong>Ioachimsthal,</strong></span> <span class='ocrx_word' id='word_1_172' title='bbox 831 4255 876 4304; x_wconf 90' lang='lat' dir='ltr'><strong>.ut</strong></span> <span class='ocrx_word' id='word_1_173' title='bbox 891 4248 993 4305; x_wconf 79' lang='lat' dir='ltr'><strong>visitet</strong></span> <span class='ocrx_word' id='word_1_174' title='bbox 1002 4216 1198 4317; x_wconf 80' lang='lat' dir='ltr'><strong>Metthesiurn</strong></span> <span class='ocrx_word' id='word_1_175' title='bbox 1213 4257 1425 4327; x_wconf 77' lang='lat' dir='ltr'><strong>aegrotantem.</strong></span> <span class='ocrx_word' id='word_1_176' title='bbox 1461 4291 1466 4303; x_wconf 91' lang='lat'><strong>.</strong></span> 
     </span>
     <span class='ocr_line' id='line_1_20' title="bbox 201 4373 1100 4497; baseline 0.002 -53"><span class='ocrx_word' id='word_1_177' title='bbox 201 4417 203 4421; x_wconf 94' lang='lat'>·</span> <span class='ocrx_word' id='word_1_178' title='bbox 252 4376 307 4464; x_wconf 75' lang='lat'><strong>15</strong></span> <span class='ocrx_word' id='word_1_179' title='bbox 342 4378 455 4442; x_wconf 79' lang='lat' dir='ltr'><strong>iteruin</strong></span> <span class='ocrx_word' id='word_1_180' title='bbox 468 4373 670 4457; x_wconf 77' lang='lat' dir='ltr'><strong>estlaipsice,</strong></span> <span class='ocrx_word' id='word_1_181' title='bbox 698 4379 776 4439; x_wconf 81' lang='lat' dir='ltr'><strong>unda</strong></span> <span class='ocrx_word' id='word_1_182' title='bbox 792 4382 949 4497; x_wconf 54' lang='lat' dir='ltr'><strong>erumpe</strong></span> <span class='ocrx_word' id='word_1_183' title='bbox 964 4381 1100 4447; x_wconf 81' lang='lat' dir='ltr'><strong>domant.</strong></span> 
     </span>
    </p>
   </div>
   <div class='ocr_carea' id='block_1_11' title="bbox 180 4638 1849 4876">
    <p class='ocr_par' dir='ltr' id='par_1_11' title="bbox 180 4638 1839 4876">
     <span class='ocr_line' id='line_1_21' title="bbox 275 4638 1532 4739; baseline -0.005 -36"><span class='ocrx_word' id='word_1_184' title='bbox 275 4676 307 4739; x_wconf 74' lang='lat'>4</span> <span class='ocrx_word' id='word_1_185' title='bbox 342 4638 453 4703; x_wconf 89' lang='lat' dir='ltr'><strong>Scribit</strong></span> <span class='ocrx_word' id='word_1_186' title='bbox 468 4639 505 4700; x_wconf 88' lang='lat' dir='ltr'><strong>de</strong></span> <span class='ocrx_word' id='word_1_187' title='bbox 522 4642 723 4699; x_wconf 80' lang='lat' dir='ltr'><strong>controversie</strong></span> <span class='ocrx_word' id='word_1_188' title='bbox 739 4639 814 4701; x_wconf 86' lang='lat' dir='ltr'><strong>des</strong></span> <span class='ocrx_word' id='word_1_189' title='bbox 835 4662 926 4702; x_wconf 79' lang='lat' dir='ltr'><strong>corun</strong></span> <span class='ocrx_word' id='word_1_190' title='bbox 942 4639 1131 4726; x_wconf 78' lang='lat' dir='ltr'><strong>aWignndn</strong></span> <span class='ocrx_word' id='word_1_191' title='bbox 1147 4659 1250 4709; x_wconf 72' lang='lat' dir='ltr'><strong>eontra</strong></span> <span class='ocrx_word' id='word_1_192' title='bbox 1264 4644 1424 4712; x_wconf 65' lang='lat' dir='ltr'><strong>Calvinum</strong></span> <span class='ocrx_word' id='word_1_193' title='bbox 1439 4664 1532 4714; x_wconf 54' lang='grc' dir='ltr'><strong>,ηοω</strong></span> 
     </span>
     <span class='ocr_line' id='line_1_22' title="bbox 180 4736 1849 4876; baseline 0 -35"><span class='ocrx_word' id='word_1_194' title='bbox 180 4852 192 4876; x_wconf 13' lang='grc' dir='ltr'><strong>,ἱ</strong></span> <span class='ocrx_word' id='word_1_195' title='bbox 276 4810 309 4876; x_wconf 48' lang='grc' dir='ltr'>α</span> <span class='ocrx_word' id='word_1_196' title='bbox 342 4776 390 4840; x_wconf 85' lang='lat' dir='ltr'><strong>Dc</strong></span> <span class='ocrx_word' id='word_1_197' title='bbox 407 4776 537 4869; x_wconf 73' lang='lat' dir='ltr'><strong>Togaet</strong></span> <span class='ocrx_word' id='word_1_198' title='bbox 554 4775 589 4835; x_wconf 91' lang='lat' dir='ltr'><strong>de</strong></span> <span class='ocrx_word' id='word_1_199' title='bbox 604 4736 699 4838; x_wconf 79' lang='lat' dir='ltr'><strong>i&#39;allio</strong></span> <span class='ocrx_word' id='word_1_200' title='bbox 713 4778 815 4855; x_wconf 89' lang='lat' dir='ltr'><strong>scribit</strong></span> <span class='ocrx_word' id='word_1_201' title='bbox 829 4778 867 4837; x_wconf 81' lang='lat' dir='ltr'><strong>ad</strong></span> <span class='ocrx_word' id='word_1_202' title='bbox 881 4775 1136 4868; x_wconf 77' lang='lat' dir='ltr'><strong>Bucbholzemm.</strong></span> <span class='ocrx_word' id='word_1_203' title='bbox 1188 4780 1236 4847; x_wconf 79' lang='lat' dir='ltr'><strong>cl.</strong></span> <span class='ocrx_word' id='word_1_204' title='bbox 1252 4789 1343 4845; x_wconf 84' lang='lat' dir='ltr'><strong>etiam</strong></span> <span class='ocrx_word' id='word_1_205' title='bbox 1364 4807 1412 4866; x_wconf 88' lang='lat' dir='ltr'><strong>cp.</strong></span> <span class='ocrx_word' id='word_1_206' title='bbox 1432 4782 1462 4844; x_wconf 89' lang='lat' dir='ltr'><strong>d.</strong></span> <span class='ocrx_word' id='word_1_207' title='bbox 1480 4791 1538 4851; x_wconf 91' lang='lat'><strong>10.</strong></span> <span class='ocrx_word' id='word_1_208' title='bbox 1559 4782 1643 4866; x_wconf 84' lang='lat' dir='ltr'><strong>Aug.</strong></span> <span class='ocrx_word' id='word_1_209' title='bbox 1661 4783 1697 4846; x_wconf 86' lang='lat' dir='ltr'><strong>ad</strong></span> <span class='ocrx_word' id='word_1_210' title='bbox 1713 4789 1849 4851; x_wconf 71' lang='lat' dir='ltr'><strong>ermdem</strong></span> 
     </span>
    </p>
   </div>
   <div class='ocr_carea' id='block_1_12' title="bbox 253 4869 2296 5086">
    <p class='ocr_par' dir='ltr' id='par_1_12' title="bbox 253 4869 2296 5086">
     <span class='ocr_line' id='line_1_23' title="bbox 253 4869 2296 5005; baseline 0.01 -37"><span class='ocrx_word' id='word_1_211' title='bbox 253 4944 308 5004; x_wconf 66' lang='lat'><strong>12</strong></span> <span class='ocrx_word' id='word_1_212' title='bbox 342 4912 461 4972; x_wconf 86' lang='lat' dir='ltr'><strong>Flaoius</strong></span> <span class='ocrx_word' id='word_1_213' title='bbox 482 4930 536 4990; x_wconf 90' lang='lat' dir='ltr'><strong>per</strong></span> <span class='ocrx_word' id='word_1_214' title='bbox 557 4905 728 4968; x_wconf 86' lang='lat' dir='ltr'><strong>Hubertum</strong></span> <span class='ocrx_word' id='word_1_215' title='bbox 748 4878 940 4990; x_wconf 53' lang='lat' dir='ltr'><strong>languemus</strong></span> <span class='ocrx_word' id='word_1_216' title='bbox 958 4874 1340 4997; x_wconf 75' lang='lat' dir='ltr'><strong>postulatsliielanthcne,</strong></span> <span class='ocrx_word' id='word_1_217' title='bbox 1361 4934 1395 4980; x_wconf 92' lang='lat' dir='ltr'><strong>ut</strong></span> <span class='ocrx_word' id='word_1_218' title='bbox 1414 4917 1575 5005; x_wconf 73' lang='lat' dir='ltr'><strong>Cosvigam</strong></span> <span class='ocrx_word' id='word_1_219' title='bbox 1591 4926 1692 4984; x_wconf 74' lang='lat' dir='ltr'><strong>veniet</strong></span> <span class='ocrx_word' id='word_1_220' title='bbox 1712 4924 1750 4984; x_wconf 78' lang='lat' dir='ltr'><strong>nd</strong></span> <span class='ocrx_word' id='word_1_221' title='bbox 1765 4882 1968 5005; x_wconf 70' lang='lat' dir='ltr'><strong>colloquium</strong></span> <span class='ocrx_word' id='word_1_222' title='bbox 1983 4920 2153 4986; x_wconf 75' lang='lat' dir='ltr'><strong>habendum</strong></span> <span class='ocrx_word' id='word_1_223' title='bbox 2171 4943 2241 4982; x_wconf 84' lang='lat' dir='ltr'><strong>cum</strong></span> <span class='ocrx_word' id='word_1_224' title='bbox 2292 4869 2296 4876; x_wconf 68' lang='lat'>&#39;</span> 
     </span>
     <span class='ocr_line' id='line_1_24' title="bbox 391 5023 767 5086; baseline -0.008 0"><span class='ocrx_word' id='word_1_225' title='bbox 391 5024 416 5086; x_wconf 89' lang='lat' dir='ltr'>F</span> <span class='ocrx_word' id='word_1_226' title='bbox 417 5029 493 5085; x_wconf 82' lang='lat' dir='ltr'><strong>lacro</strong></span> <span class='ocrx_word' id='word_1_227' title='bbox 510 5039 539 5085; x_wconf 89' lang='lat' dir='ltr'><strong>et</strong></span> <span class='ocrx_word' id='word_1_228' title='bbox 554 5028 619 5084; x_wconf 88' lang='lat' dir='ltr'><strong>eius</strong></span> <span class='ocrx_word' id='word_1_229' title='bbox 634 5023 767 5085; x_wconf 86' lang='lat' dir='ltr'><strong>adscolis.</strong></span> 
     </span>
    </p>
   </div>
   <div class='ocr_carea' id='block_1_13' title="bbox 249 5124 2242 5347">
    <p class='ocr_par' dir='ltr' id='par_1_13' title="bbox 249 5124 2242 5347">
     <span class='ocr_line' id='line_1_25' title="bbox 249 5124 2242 5257; baseline 0.003 -31"><span class='ocrx_word' id='word_1_230' title='bbox 249 5191 308 5257; x_wconf 51' lang='lat'><strong>15·</strong></span> <span class='ocrx_word' id='word_1_231' title='bbox 341 5163 518 5227; x_wconf 71' lang='lat' dir='ltr'><strong>Melanthon</strong></span> <span class='ocrx_word' id='word_1_232' title='bbox 550 5159 708 5242; x_wconf 86' lang='lat' dir='ltr'><strong>Langueto</strong></span> <span class='ocrx_word' id='word_1_233' title='bbox 741 5184 843 5227; x_wconf 83' lang='lat' dir='ltr'><strong>causas</strong></span> <span class='ocrx_word' id='word_1_234' title='bbox 875 5172 1018 5246; x_wconf 87' lang='lat' dir='ltr'><strong>exponit,</strong></span> <span class='ocrx_word' id='word_1_235' title='bbox 1052 5189 1105 5230; x_wconf 89' lang='lat' dir='ltr'><strong>cur</strong></span> <span class='ocrx_word' id='word_1_236' title='bbox 1137 5190 1207 5232; x_wconf 85' lang='lat' dir='ltr'><strong>cum</strong></span> <span class='ocrx_word' id='word_1_237' title='bbox 1237 5168 1359 5247; x_wconf 80' lang='lat' dir='ltr'><strong>Flacio,</strong></span> <span class='ocrx_word' id='word_1_238' title='bbox 1398 5165 1487 5232; x_wconf 83' lang='lat' dir='ltr'><strong>Gallo</strong></span> <span class='ocrx_word' id='word_1_239' title='bbox 1522 5188 1551 5233; x_wconf 85' lang='lat' dir='ltr'><strong>et</strong></span> <span class='ocrx_word' id='word_1_240' title='bbox 1585 5176 1731 5237; x_wconf 77' lang='lat' dir='ltr'><strong>similibus</strong></span> <span class='ocrx_word' id='word_1_241' title='bbox 1767 5173 1918 5252; x_wconf 79' lang='lat' dir='ltr'><strong>colloquia</strong></span> <span class='ocrx_word' id='word_1_242' title='bbox 1951 5170 1986 5231; x_wconf 84' lang='lat' dir='ltr'><strong>de</strong></span> <span class='ocrx_word' id='word_1_243' title='bbox 2020 5171 2154 5234; x_wconf 84' lang='lat' dir='ltr'><strong>doctriua</strong></span> <span class='ocrx_word' id='word_1_244' title='bbox 2171 5124 2242 5232; x_wconf 85' lang='grc' dir='ltr'>ιιι-</span> 
     </span>
     <span class='ocr_line' id='line_1_26' title="bbox 391 5281 562 5347; baseline -0.029 0"><span class='ocrx_word' id='word_1_245' title='bbox 391 5285 460 5347; x_wconf 75' lang='lat' dir='ltr'><strong>bers</strong></span> <span class='ocrx_word' id='word_1_246' title='bbox 473 5281 562 5343; x_wconf 85' lang='lat' dir='ltr'><strong>nolit.</strong></span> 
     </span>
    </p>
   </div>
   <div class='ocr_carea' id='block_1_14' title="bbox 249 5372 1471 5501">
    <p class='ocr_par' dir='ltr' id='par_1_14' title="bbox 249 5372 1471 5501">
     <span class='ocr_line' id='line_1_27' title="bbox 249 5372 1471 5501; baseline -0.008 -19"><span class='ocrx_word' id='word_1_247' title='bbox 249 5433 311 5501; x_wconf 78' lang='lat'><strong>21.</strong></span> <span class='ocrx_word' id='word_1_248' title='bbox 342 5412 462 5480; x_wconf 77' lang='lat' dir='ltr'><strong>icius</strong></span> <span class='ocrx_word' id='word_1_249' title='bbox 476 5417 579 5498; x_wconf 83' lang='lat' dir='ltr'><strong>itaque</strong></span> <span class='ocrx_word' id='word_1_250' title='bbox 593 5408 821 5474; x_wconf 85' lang='lat' dir='ltr'><strong>Melanthonem</strong></span> <span class='ocrx_word' id='word_1_251' title='bbox 834 5413 915 5494; x_wconf 81' lang='lat' dir='ltr'><strong>apud</strong></span> <span class='ocrx_word' id='word_1_252' title='bbox 928 5409 1123 5496; x_wconf 82' lang='lat' dir='ltr'><strong>Languetum</strong></span> <span class='ocrx_word' id='word_1_253' title='bbox 1143 5372 1334 5480; x_wconf 77' lang='lat' dir='ltr'><strong>vehementer</strong></span> <span class='ocrx_word' id='word_1_254' title='bbox 1346 5429 1471 5479; x_wconf 74' lang='grc' dir='ltr'>ιοοιιιει.</span> 
     </span>
    </p>
   </div>
   <div class='ocr_carea' id='block_1_15' title="bbox 0 0 2392 6020">
    <p class='ocr_par' dir='ltr' id='par_1_15' title="bbox 0 0 2392 6020">
     <span class='ocr_line' id='line_1_28' title="bbox 0 0 2392 6020; baseline 0 0"><span class='ocrx_word' id='word_1_255' title='bbox 0 0 2392 6020; x_wconf 95' lang='lat' dir='ltr'><strong> </strong></span> 
     </span>
    </p>
   </div>
  </div>
 </body>
</html>
