4734 6016
74 422 150 498 767
654 418 1096 503 EPISTOLARUM
1148 413 1256 493 mu.
1279 412 1379 490 llll·
1414 412 1545 490 16⁶6.
2031 427 2108 509 76⁸

73 594 117 669 ln
141 596 273 698 inclyta
296 600 385 673 urbe
401 595 639 691 Argentorato
662 599 799 671 audivit
813 598 931 670 virum
949 597 1066 667 excels
1113 588 1162 664 sis
1177 582 1207 681 ⁸)
1230 587 1344 662 virtus
1366 588 1472 660 laude
1497 589 1604 681 digna
1623 587 1699 680 est,
1725 598 1787 690 qni
1811 611 1905 672 recta
1929 601 2046 672 studia
2069 616 2104 675 et

73 699 205 768 lentem
229 702 431 770 eruditione
455 714 490 772 et
507 701 708 796 eloquentia
725 694 937 770 Iohannem
953 694 1062 769 Stur-
1112 690 1248 782 Patriae
1271 702 1307 760 ‘i
1328 692 1465 780 maduit
1487 695 1682 764 ⁰⁰¹¹¹¹¹¹⁰dl³
1703 700 1889 786 Praetulit,
1914 715 1948 772 et
1969 700 2101 772 Psalmi

72 798 209 886 mium,
235 801 357 895 ibique
370 801 494 873 didicit
508 803 665 894 linguam
679 803 828 872 latinam
843 815 877 872 et
891 823 1061 893 graecam.
1112 790 1207 860 dicto
1227 803 1445 881 optemperat
1459 789 1496 885 ⁷).
1549 789 1651 884 Elegi
1666 798 1783 888 potius
1797 800 1834 869 in
1850 801 1973 872 limine
1987 798 2020 898 ⁸)
2035 807 2101 875 do·

71 898 197 970 Postea
224 902 263 971 in
279 899 472 975 Academia
494 919 616 976 nostra
641 897 888 995 philosophiae
910 901 1012 972 initia
1028 914 1061 971 et
1110 912 1190 962 mur
1205 887 1274 962 Dei
1300 887 1478 981 habitcrc,
1503 919 1608 987 qnam
1630 896 1667 963 in
1691 899 1916 971 tabernaculo
1939 914 2098 997 peccato-

72 1003 273 1072 doctrinam
285 1001 463 1075 Ecclesiae
489 1005 660 1097 percepit,
695 1028 735 1075 ac
760 1005 926 1096 pietatem
949 1001 1061 1070 animi
1109 1014 1203 1061 rum.
1256 989 1439 1065 Praeclare
1462 995 1563 1065 novit
1586 995 1744 1084 linguam
1769 1000 1916 1071 latinam
1939 1018 1974 1075 et
1999 1027 2099 1094 grac·

71 1126 155 1171 vera
185 1103 409 1175 invocatione
432 1105 498 1176 Dei
521 1106 560 1175 in
582 1105 765 1195 agnitione
788 1117 823 1183 et
843 1103 971 1175 fiducia
996 1102 1059 1172 lilii
1109 1115 1204 1178 cam,
1229 1104 1264 1163 ct
1286 1094 1410 1164 scribit
1430 1095 1583 1166 solutam
1607 1097 1803 1169 orationem
1825 1114 1860 1171 et
1877 1127 2038 1187 carmen,
2064 1120 2098 1178 et

69 1199 293 1280 Deidomini
310 1206 423 1277 nomi
437 1204 516 1276 ¹08ss
530 1200 684 1288 Christi,
706 1200 1059 1298 ethonestamopum
1107 1185 1372 1286 philosophiam
1403 1195 1560 1266 tludiose
1589 1197 1723 1272 dldlclh
1791 1198 1984 1295 Praecipua
2012 1230 2096 1275 Veri)

69 1306 328 1392 gubernatione
348 1307 520 1392 declarat,
552 1331 642 1401 quo,
659 1308 697 1378 ῑῃ
715 1332 756 1378 ρο
776 1329 850 1374 non
867 1306 983 1376 solum
1002 1304 1060 1373 di.
1108 1293 1185 1362 eius
1202 1318 1285 1365 cura
1304 1319 1440 1388 semper
1453 1296 1531 1374 suit,
1558 1320 1768 1385 cognoscere
1782 1301 1897 1371 lontes
1914 1305 2096 1375 doctrinae

68 1404 216 1494 figentia
240 1407 369 1498 ipsius,
398 1410 459 1477 ,ed
482 1409 586 1478 etiam
603 1404 1060 1496 filiusneigubemaeluce
1107 1393 1153 1462 de
1169 1390 1257 1465 Deo.
1297 1395 1416 1484 Quare
1432 1397 1686 1465 consessionem
1702 1395 1939 1470 Ecclesiarum
1957 1418 2096 1475 nostra-

67 1502 256 1596 Evangelii
270 1523 304 1579 et
313 1506 468 1598 Spiritus
482 1511 603 1594 sancti,
627 1523 665 1579 ut
684 1511 729 1581 sit
744 1510 839 1578 inter
853 1508 965 1601 ipsius
982 1505 1058 1597 pal·
1106 1516 1188 1562 rom
1204 1508 1407 1564 constanter
1421 1506 1454 1564 ct
1469 1496 1528 1586 pic
1542 1495 1780 1586 amplectitur,
1811 1513 1846 1570 et
1859 1503 1970 1571 animi
1984 1505 2095 1595 pieta.

67 1607 188 1694 mites,
220 1609 264 1678 de
289 1609 420 1703 quibus
443 1611 547 1680 dicit:
581 1634 645 1701 ego
667 1635 745 1681 sum
767 1611 868 1696 vitis,
894 1631 956 1677 vos
980 1606 1058 1698 pal.
1107 1606 1178 1663 tem
1206 1617 1288 1664 vera
1315 1595 1537 1664 invocatione
1559 1594 1630 1667 Dei.
1646 1597 1685 1665 in
1707 1599 1887 1687 agnitione
1910 1618 1945 1675 et
1966 1605 2094 1676 fiducia

65 1708 180 1781 mites.
230 1705 322 1778 Cum
345 1723 462 1781 autem
486 1721 521 1781 et
543 1713 653 1802 possit
677 1712 803 1782 docere
820 1711 857 1778 in
878 1704 1009 1779 scholis
1023 1718 1057 1774 et
1105 1694 1244 1762 donini
1260 1694 1371 1765 nostri
1390 1693 1469 1765 lesu
1488 1691 1636 1786 Christi,
1663 1693 1857 1771 ethonesta
1873 1727 2013 1774 morum
2027 1730 2093 1797 gu-

66 1806 105 1874 in
137 1810 297 1900 templis,
338 1824 373 1882 et
401 1811 440 1878 in
462 1805 518 1883 his
540 1812 723 1883 laboribus
747 1811 898 1880 maxime
922 1809 1057 1881 ‘ervire
1105 1795 1313 1865 bernatione
1336 1796 1509 1874 declarat,
1543 1820 1633 1888 quos
1653 1797 1796 1887 quidem
1819 1824 1891 1869 non
1914 1804 2031 1874 solum
2054 1806 2093 1874 in

65 1906 141 1978 Ileo
156 1911 293 2000 cupiat,
321 1936 385 1981 oro
404 1907 573 1982 honestos
590 1913 703 1999 viros,
734 1926 774 1984 ut
789 1911 919 1982 alicubi
939 1909 970 1980 ei
990 1910 1056 1979 do-
1105 1895 1200 2011 ipso·
1215 1895 1416 1986 diligenti&
1442 1896 1503 2012 sed
1529 1895 1624 1964 fillut
1650 1893 1716 1966 Del
1741 1897 1819 1968 lucc
1843 1897 2032 1991 Evangelii
2058 1921 2093 1977 et

66 2011 169 2079 cendi
193 2012 310 2081 locum
325 2014 507 2106 tribuant,
541 2015 747 2104 praesertim
765 2037 843 2082 cum
859 2024 1056 2083 ornetcae»
1104 1995 1241 2112 Spinttl
1270 2007 1392 2066 rancto
1418 1989 1570 2087 rcss¹t⁹)·¹
1616 1995 1801 2088 Specimen
1826 2005 2037 2075 eruditionis
2057 2021 2092 2077 et

63 2123 155 2180 teras
171 2112 321 2184 virtutes
337 2115 508 2185 modestia
526 2129 560 2184 et
574 2117 692 2188 studio
709 2114 814 2206 pacis.
843 2108 921 2183 Oro
937 2122 1055 2181 autem
1103 2097 1242 2167 Viriutls
1270 2090 1457 2168 honesturn
1488 2096 1649 2187 praebuit
1678 2097 1716 2167 in
1742 2099 1874 2195 inclyta
1897 2103 2089 2177 Academia

63 2211 177 2281 filium
203 2210 290 2297 Dei,
322 2215 508 2283 dominum
536 2231 695 2285 nostrum
720 2214 836 2284 lesum
858 2207 1055 2296 Christum,
1103 2193 1345 2270 liostoclriana
1370 2210 1403 2268 et
1427 2214 1558 2271 nostra.
1610 2197 1756 2271 Utiliter
1771 2203 1867 2272 enim
1885 2205 1922 2273 in
1940 2220 2090 2299 utraque

63 2311 270 2382 crucifixum
302 2337 369 2404 pro
402 2315 505 2383 nobis
540 2329 571 2386 et
596 2317 858 2399 resuscitatum,
892 2326 931 2382 ut
957 2306 1054 2382 hunc
1104 2295 1276 2395 linguam)
1301 2300 1538 2370 adolescentes
1559 2314 1660 2371 iratos
1680 2301 1719 2370 in
1741 2304 1885 2377 familiis
1907 2308 2089 2379 nobilibus

61 2405 228 2480 Paulum
245 2410 570 2505 Landshergensem
583 2416 689 2485 faciat
704 2418 833 2492 σκεῦος
852 2410 993 2502 ἐλέους,
1020 2428 1054 2485 et
1103 2401 1267 2477 ⁸¹¹1lest
1330 2399 1421 2472 cum
1447 2401 1557 2492 igliur
1581 2414 1616 2472 ‘i
1642 2403 1752 2491 9⁰⁸⁵st
1776 2406 1925 2477 emm
1950 2407 2088 2490 ἆθΰθῐθι

63 2535 223 2599 organon
252 2516 404 2583 salutare
440 2537 523 2582 sicae
557 2515 695 2584 animae
728 2532 759 2587 et
788 2514 876 2588 aliis.
930 2515 1053 2598 Datne,
1104 2516 1307 2574 rcvcrcntcr
1321 2525 1401 2572 cum
1419 2504 1706 2574 commendamus
1721 2501 1964 2577 illustrissimo
1978 2505 2089 2578 Prin-

63 2613 398 2686 idibuspffljanno
419 2612 528 2687 1556,
1102 2603 1173 2693 cipi
1207 2617 1241 2675 et
1273 2600 1448 2688 Domino,
1490 2600 1647 2672 Domino
1681 2597 1892 2691 Fridert'co,
1931 2609 2026 2701 duci·
2047 2610 2086 2677 in

813 2711 879 2790 Ph,
898 2713 949 2789 Μ,
1104 2699 1303 2794 Schleswig
1331 2716 1365 2773 et
1381 2703 1545 2774 Holstein
1575 2717 1639 2776 etc.
1671 2701 1849 2800 Episcopo
1872 2706 2087 2779 llilsemensi

1103 2816 1136 2873 et
1154 2798 1423 2875 Schleswicensi
1442 2820 1525 2892 etc„
1550 2805 1613 2898 qui
1634 2807 1826 2877 clementer
1849 2810 2023 2892 ostendit,
2051 2833 2086 2879 se

965 2920 1050 2933 ··“
1102 2905 1276 2976 industria
1296 2906 1372 2975 eius
1394 2928 1543 2976 usurum
1567 2926 1649 2977 esse.
1701 2904 1805 2977 Nunc
1827 2933 1969 3003 quoque
1984 2934 2087 2978 reve-

73 3041 128 3113 No
158 3044 259 3119 5983
872 3059 918 3119 ΞΟ
951 3050 1026 3113 utsii
1100 3018 1220 3075 center
1267 2999 1364 3076 hunc
1403 3001 1603 3077 Micoelem
1621 3001 1658 3100 ¹¹)
1700 3011 1895 3078 reverendo
1936 3010 2085 3100 collegio

66 3094 279 3180 ῥῷ
871 3095 1042 3171 402
1100 3099 1372 3177 Sclrleswicensi
1387 3108 1614 3191 commendo,
1641 3122 1675 3178 et
1688 3131 1769 3192 oro,
1795 3123 1837 3180 ut
1851 3133 1932 3181 eum
1947 3107 2087 3180 scholae

237 3247 480 3333 Tffliimml·
503 3243 750 3334 Stanhmw
776 3245 870 3331 dat·
1099 3304 1236 3375 utiliter
1276 3308 1461 3379 consulent
1498 3307 1626 3377 studiis
1660 3309 1853 3379 iuventutis
1888 3311 1925 3378 in
1960 3314 2083 3402 patria.

128 3412 150 3479 †
172 3409 208 3462 Ε*
219 3407 381 3529 prompti·
393 3408 422 3461 in
435 3403 769 3465 eod.Mou.89.1to.v1.
788 3423 814 3475 Ρ·
832 3403 891 3461 ¹³i
903 3404 970 3459 etin
984 3403 1048 3460 ωδ·
1098 3404 1226 3475 Sciunt
1245 3421 1361 3476 autem
1384 3429 1527 3487 omnes,
1555 3407 1784 3475 necessariam
1802 3431 1875 3477 esse
1897 3434 2085 3480 conserva·

162 3480 248 3578 pm*
267 3480 303 3531 Β·
341 3477 424 3532 '⁵⁴⁰‘
1037 3507 1053 3525 ⁸
1097 3505 1230 3574 tionem
1246 3505 1428 3575 literarum
1445 3519 1480 3575 et
1494 3506 1708 3576 doctrinaea
1725 3505 1801 3577 Deo
1816 3505 1859 3602 ¹²)
1880 3514 2001 3612 generi
2017 3507 2084 3582 hu.

255 3623 442 3702 omnpbus
463 3628 610 3701 lecturis
631 3623 704 3700 has
722 3625 851 3700 lpum,
1097 3627 1203 3674 mano
1224 3606 1383 3677 traditae.
1435 3602 1546 3676 Datae
1569 3630 1664 3675 anuo
1688 3605 1794 3679 1556.
1810 3610 1848 3678 in
1869 3609 2084 3697 Pentecoste,

1097 3729 1186 3798 quae
1215 3721 1266 3777 est
1292 3708 1339 3777 ab
1363 3707 1461 3778 exitu
1482 3704 1724 3781 Israelitarum
1751 3725 1951 3800 pentecoste
1969 3713 2081 3788 5065.

57 3765 106 3855 S·
133 3781 177 3899 D:
238 3778 438 3899 Utrumque
460 3781 635 3899 Pm‘lffll
658 3803 725 3850 V⁰¹
748 3780 886 3849 ‘lilim‘
918 3776 957 3845 5¹¹
980 3770 1047 3845 Μ
1096 3804 1193 3876 Tum
1207 3808 1270 3877 diu
1288 3832 1368 3878 cum
1382 3809 1574 3878 servaverit
1588 3806 1685 3887 Deus
1699 3806 1892 3880 Ecclesiam
1907 3813 2082 3883 mirabili·

56 3884 226 3972 languida
250 3896 284 3952 et
306 3883 417 3952 delira
444 3884 570 3952 mundl
592 3896 730 3954 senecta
755 3894 790 3952 et
811 3881 948 3950 suturas
972 3900 1045 3947 esse
1095 3920 1165 3992 m,
1193 3904 1441 4005 speremus¹³),
1462 3921 1498 3979 et
1512 3911 1677 4002 deincep,
1689 3925 1912 3982 „mmmm
1928 3929 2011 3987 ωε.

56 3986 209 4062 maiores
224 3984 360 4074 generis
373 3980 521 4053 humani
532 3979 558 4078 ¹)
574 3983 820 4067 confusiones,
845 4004 950 4075 quam
966 3980 1046 4048 lue·
1943 4011 2007 4088 Ph·
2028 4013 2081 4088 M

55 4099 143 4155 runt
165 4099 284 4169 antea,
311 4099 480 4154 ettamen
497 4100 591 4156 certo
610 4084 722 4154 lilium
741 4081 828 4168 Dei,
856 4080 1044 4153 dominum
1222 4079 1226 4087 '

55 4189 219 4255 'nostrum
236 4184 349 4255 lesum
363 4183 545 4259 Christum
568 4186 675 4258 etiam
697 4187 792 4255 inter
811 4183 1042 4275 imperiorum

54 4289 198 4371 ruinas,
232 4289 344 4355 donec
361 4311 483 4355 omnes
506 4282 670 4357 homines
685 4311 725 4355 ex
743 4299 858 4355 morte
877 4285 913 4353 in
935 4283 1043 4352 vitam
1094 4339 1147 4411 No
1172 4333 1275 4414 ,6989

1149 4392 1160 4415 0
1278 4393 1289 4416 Ο

54 4388 253 4470 revocabit,
286 4388 516 4458 collecturum
548 4411 621 4456 esse
651 4400 829 4457 aeternam
848 4382 1042 4454 Ecclesiam
1101 4435 1270 4465 Μ
1904 4351 2094 4473 Q·
2128 4458 2134 4475 Ι

53 4513 142 4560 voce
157 4485 363 4604 Evangelii,
397 4502 431 4606 et
452 4513 525 4557 non
549 4488 668 4607 aliter,
692 4500 915 4584 servatorum
938 4483 1042 4552 etiam
1335 4531 1341 4544 .
1438 4524 1550 4639 Cpb·
1581 4523 1728 4611 Libia

13 4651 17 4657 .
53 4613 130 4658 esse
152 4591 271 4681 aliqua
291 4585 467 4659 Ecclesiae
491 4584 656 4678 hospitia.
720 4585 796 4656 Hac
822 4609 887 4655 uos
911 4598 1043 4653 erectos

52 4690 156 4784 spe²)
178 4692 292 4759 colere
314 4691 495 4759 doctrinae
510 4692 625 4760 studia
640 4684 831 4779 oportet³).
881 4682 930 4757 Et
945 4697 1041 4775 grata
1192 4679 1665 4755 †ss¹·tr⁰t¹·i⁰⁰⁰³·¹’·ri⁸⁰·
1687 4681 1717 4734 ¹»
1739 4683 1799 4736 Μ’·
1860 4724 1866 4735 .

52 4807 108 4861 est
120 4787 195 4860 Deo
212 4789 241 4885 ⁴)
264 4795 374 4881 pietas
395 4804 471 4862 tum
487 4804 580 4860 recte
598 4790 808 4859 discentium
824 4801 900 4860 tum
915 4788 1043 4876 guber.

52 4907 240 4976 natorum,
274 4905 310 4962 et
331 4891 501 4976 aliorum,
524 4893 589 4985 qui
602 4891 812 4961 docentibus
826 4886 1043 4959 etdiscenti-
1125 4867 1598 5024 ἓὲςᾶἑοῗτρἷῖὒίἑιὸηνςιωει.

52 4995 124 5061 bus
145 5018 246 5083 opem
270 4994 400 5064 lerunt.
453 4990 571 5082 Quare
593 5006 626 5062 et
639 4987 748 5061 huius
766 4989 834 5058 viri
853 4985 992 5058 honesti
1009 5001 1042 5055 et
1126 5039 1156 5107 7)
1173 5036 1243 5091 cod.
1255 5037 1320 5090 Par.
1335 5037 1519 5101 mmm,

55 5094 185 5161 eruditi
207 5093 303 5184 Mag.
318 5086 520 5164 Michaelis
544 5085 749 5163 Slanhusii
760 5090 1043 5176 Wirtaburgen-
1126 5123 1156 5190 g)
1174 5117 1533 5182 004‚M„,g9‚1,m,¹,„‚
1551 5111 1694 5167 mendose.

54 5231 280 5247 ·---—--·
1126 5209 1156 5274 9)
1174 5204 1244 5260 cod.
1258 5202 1338 5256 Mon.
1353 5200 1395 5256 89.
1412 5207 1503 5264 regat.

90 5311 117 5372 1)
135 5308 245 5370 generis
259 5307 389 5372 hemam]
409 5304 597 5375 praetermittit
611 5305 672 5358 cod.
687 5303 748 5357 Par.
1130 5295 1175 5358 to)
1193 5290 1305 5356 lingue]
1325 5284 1388 5339 cod.
1403 5283 1465 5339 Par.
1482 5300 1538 5335 non
1554 5281 1643 5334 habet.

89 5392 124 5458 2)
141 5391 200 5459 spe]
222 5407 277 5442 non
291 5388 369 5442 hebet
381 5389 443 5444 cod.
455 5389 517 5442 Par.
1131 5379 1175 5443 tt)
1194 5373 1265 5428 eod.
1279 5371 1342 5426 Par.
1357 5371 1429 5421 leuno
1443 5366 1518 5432 Mag.
1531 5366 1704 5420 lla'slroelem.

89 5474 119 5541 8)
138 5474 259 5541 oportet]
278 5474 340 5528 cod.
355 5472 416 5527 Par.
429 5491 486 5527 noo
500 5474 588 5530 habet.
1133 5463 1178 5529 12)
1194 5478 1215 5513 ο
1224 5457 1300 5525 Deo]
1320 5454 1349 5509 io
1364 5453 1429 5509 cod.
1440 5449 1505 5505 Par.
1518 5469 1575 5507 non
1588 5452 1725 5522 leguntur.

90 5563 116 5623 4)
135 5562 213 5628 Deo]
227 5558 292 5638 5⁹¹¹
306 5559 367 5614 Par.
381 5574 414 5612 st.
975 5586 979 5591 -
1135 5544 1178 5616 18)
1197 5541 1267 5601 cod.
1281 5541 1343 5596 Par·
1358 5552 1522 5672 ιρηαὲιέεὸ

1099 3205 1155 3274 sui
1180 3206 1319 3296 collegii
1343 3208 1556 3299 praeficiant.
1609 3206 1689 3295 Qua
1706 3210 1744 3276 iu
1760 3234 1816 3291 re,
1837 3209 1914 3280 Deo
1933 3211 2086 3295 iuvante,
2183 3236 2190 3249 ·
2246 3228 2257 3243 '
