4776 6024
189 188 265 261 ser
527 254 534 261 .
767 182 1210 262 unrsrouaauu
1261 184 1475 266 mam.
1527 181 1660 265 1⁶64.
1810 136 1825 159 ‘
2147 196 2250 291 ars,

191 386 260 455 qua
282 364 402 434 fabula
424 387 496 432 non
520 375 657 431 tantum
681 374 799 433 ortum
821 361 983 455 Scorpii,
1015 374 1050 432 et
1071 384 1173 432 occa·
1224 361 1324 453 digni
1338 360 1428 445 fide,
1455 385 1497 432 ex
1512 356 1711 435 Pannonia.
1762 356 1864 432 Bene
1881 362 2007 436 valete.
2060 360 2128 438 Die
2157 368 2221 446 l'i.

190 487 269 533 snm
292 459 446 533 Orionis
465 465 727 551 significarunt,
762 466 823 534 sed
851 464 1008 557 pericula
1032 487 1175 557 quoque
1224 462 1430 553 Februarii,
1459 459 1572 540 1554.

190 590 331 649 eorum,
352 566 416 657 qni
432 557 589 634 Orionis
602 569 800 636 doctrinam
814 568 955 653 colunt,
984 590 1089 661 quem
1106 560 1174 633 At·
1733 560 1925 657 Philippus
1942 564 2174 647 Melantbon.

190 663 307 733 Ioniis
323 669 523 737 auditorem
536 669 644 739 luisse
658 670 770 742 aiunt.
823 669 936 761 Saepe
960 670 1055 738 enim
1076 693 1094 737 a
1112 692 1175 735 ve-

188 768 326 836 nenatis
340 764 548 840 bominibus
563 772 815 863 opprimuntur
825 772 1011 842 calumniis
1026 769 1172 839 studiosi
1235 824 1432 835 ...--..-..
1442 817 1803 834 --------
2112 828 2224 842 -..-

189 869 370 940 doctrinae
384 868 560 966 physicae.
613 872 738 964 Nuper
761 873 870 942 ociosi
896 873 1041 965 quidam
1064 869 1104 941 ἐν
1126 872 1173 962 τῇ

187 968 384 1066 μεθωναίῃ
407 972 502 1068 oedip
526 974 714 1044 ediderunt
732 975 902 1065 scriptum
928 987 1049 1042 contra
1070 994 1174 1063 prae·
1226 978 1292 1049 No.
1306 974 1420 1054 6548.

187 1075 360 1144 dictiones
375 1078 636 1146 astronomicas.
675 1072 754 1146 Etsi
768 1100 842 1145 non
858 1075 936 1145 sine
949 1075 1071 1144 dolore
1086 1070 1172 1161 legi:
1232 1077 1445 1115 Μ

185 1188 305 1245 tamen
319 1178 428 1246 rixari
441 1203 520 1248 cum
545 1178 616 1246 illis
633 1200 707 1246 non
722 1178 823 1262 volo,
848 1202 889 1247 ac
911 1192 1008 1248 tuam
1033 1175 1174 1267 praedi·
1511 1176 1579 1263 Μ,
1609 1174 1941 1295 Meienburpio,

188 1278 341 1348 ctionem
357 1304 463 1372 qnam
479 1280 523 1349 ad
540 1304 596 1348 me
611 1279 757 1360 misisti,
784 1302 859 1349 non
881 1302 954 1349 esse
977 1278 1108 1349 editam
1131 1300 1172 1347 eo
1294 1332 1371 1389 Eiet
1395 1334 1432 1388 tib
1451 1335 1475 1384 v
1499 1348 1518 1402 p
1541 1332 1595 1388 530
1608 1348 1660 1404 sqq

187 1381 341 1468 gaudeo,
367 1383 449 1474 quia
464 1406 530 1451 nec
547 1383 612 1451 tibi
637 1383 874 1473 pepercissent
897 1381 955 1451 isti
976 1379 1174 1471 petulantes
1317 1352 1335 1406 Ρ
1372 1369 1381 1387 ’
1434 1368 1443 1389 ’
1477 1370 1485 1389 ’
1520 1371 1529 1388 ”
1661 1368 1669 1385 ’

187 1475 402 1579 δημηγόροι.
465 1482 573 1552 Mitto
596 1484 663 1553 tibi
686 1485 855 1574 pagellas,
886 1506 1037 1576 quarum
1068 1481 1173 1549 lectio
1226 1489 1286 1564 M
1289 1488 1372 1567 ich,
1400 1487 1745 1584 Meienbnrgio,
1772 1478 1935 1563 Consuli
1957 1488 2220 1577 Nor-thusam

185 1584 342 1654 fortassis
358 1584 491 1672 gratior
507 1586 586 1668 erit,
611 1609 718 1677 quam
733 1589 802 1656 τοῦ
819 1584 859 1657 ἐν
872 1586 962 1678 οἴνῳ
978 1577 1173 1680 γραφθέν-

186 1710 250 1764 τος
280 1679 501 1778 μεθωναίου
536 1679 838 1784 συγγράμματος.
907 1684 1032 1755 Mittas
1059 1708 1175 1754 exem-

185 1787 286 1876 plum
307 1788 456 1855 alterum
481 1783 617 1872 Ionae,
651 1789 708 1858 cui
738 1803 871 1879 partem
896 1787 1066 1879 colloquii
1093 1810 1174 1854 cum
1455 1850 1464 1864 ,
1767 1845 1776 1860 ‚
2013 1851 2022 1867 .

185 1887 363 1956 veteribus
384 1888 506 1956 amicis
527 1889 702 1958 eruditam
724 1891 846 1961 tribui.
904 1888 1004 1957 Bene
1021 1888 1116 1971 vale,
1142 1900 1177 1955 et
1229 1865 1340 1933 ΜΨ
1371 1850 1577 1919 cmmfixum
1601 1870 1667 1938 P¹⁰
1689 1844 1812 1929 ¹¹⁰b¹⁵³
1836 1857 1871 1917 et
1892 1862 2154 1939 mmmmm,
2177 1870 2220 1927 ut

185 1990 351 2059 rescribe.
402 1987 471 2059 Die
486 1991 597 2059 natali
612 2014 690 2059 meo
703 1985 760 2086 *),
782 2015 874 2083 quo,
900 1991 997 2083 quod
1020 1990 1176 2059 faustum
1228 1976 1292 2022 Μ
1311 1964 1345 2020 ‘t
1367 1947 1652 2021 h⁰n⁰⁸li⁵⁸l¹¹¹³¹¹¹
1674 1946 1861 2037 mulssim
1881 1964 2054 2040 vestram,
2079 1954 2221 2027 elfill⁰⁵

186 2104 222 2160 et
237 2091 321 2158 felix
335 2090 400 2175 sit,
422 2092 603 2181 ingredior
620 2115 754 2162 annum
769 2107 932 2162 octavum
948 2105 982 2161 et
997 2093 1177 2184 quinqua·
1230 2069 1263 2124 et
1277 2055 1517 2171 dnl⁰¹⁵⁸¹¹⁰³ff¹¹¹
1532 2053 1661 2137 fiham’
1687 2060 1868 2169 pmieffat’
1893 2064 1930 2123 ‘t
1948 2067 2066 2126 met
2079 2056 2221 2172 incf'lu'

186 2192 380 2278 gesimum‚
404 2215 444 2260 ac
468 2215 552 2261 sane
567 2206 686 2262 metuo
707 2195 861 2263 vicinam
886 2193 1174 2263 coniunctionem
1229 2179 1304 2225 ‘¹¹²⁵
1328 2178 1392 2226 ωδ
1414 2169 1449 2225 el
1470 2176 1575 2246 ΨΜ·
1632 2151 1873 2223 Pmfifflmmr
1893 2154 1940 2223 “d
1962 2144 2222 2235 mobmw‘

186 2291 332 2362 saturni
351 2292 541 2368 etMartis·
593 2292 665 2365 sed
678 2292 754 2366 Deo
772 2319 838 2365 nos
854 2296 1075 2366 commendo.
1227 2251 1385 2351 phoras,
1410 2254 1477 2327 Dei
1493 2255 1682 2333 beneficio,
1705 2266 1798 2324 recte
1816 2254 1977 2329 eruditus
1995 2258 2035 2327 iu
2054 2260 2220 2332 doctrina

1228 2358 1427 2449 Ecclesiae,
1464 2372 1498 2430 et
1520 2356 1633 2428 initiis
1655 2354 1748 2427 Iuris
1767 2354 1898 2426 civilis:
1938 2372 1974 2432 et
1993 2384 2111 2432 mores
2133 2377 2220 2435 sunt

1229 2460 1399 2545 modesti,
1424 2484 1464 2530 ac
1486 2483 1608 2552 spero,
1633 2456 1736 2529 vobis
1757 2471 1793 2529 et
1814 2452 2084 2535 honestissimae
2105 2462 2217 2535 Matri

1230 2577 1431 2634 reverenter
1459 2564 1785 2655 obtemperaturum
1816 2582 1900 2635 esse.
1954 2558 2053 2657 Ego,
2087 2590 2126 2637 re
2154 2568 2219 2655 dju

1229 2668 1395 2756 cogitata,
1421 2687 1549 2735 maneo
1566 2666 1605 2733 in
1618 2657 1685 2734 bac
1698 2664 1895 2752 sententia,
1918 2658 1986 2736 boc
2001 2678 2161 2759 tempore
2183 2671 2217 2739 ei

183 2758 249 2830 No.
264 2754 377 2830 5547.
677 2829 682 2843 ,
1011 2774 1070 2834 17.
1088 2765 1175 2827 Febr·
1228 2771 1316 2838 utile
1332 2792 1423 2848 esse,
1448 2782 1490 2838 ut
1504 2766 1561 2834 vel
1575 2789 1639 2858 per
1659 2776 1825 2836 aestatem
1844 2765 1964 2837 videat
1983 2766 2134 2839 formam
2157 2771 2217 2841 iu-

186 2855 397 2888 m
1001 2854 1172 2883 Μ
1228 2871 1313 2939 dicii
1337 2868 1553 2961 Imperialis,
1587 2883 1622 2940 et
1643 2868 1770 2953 discat,
1801 2889 1905 2937 nosse
1940 2864 2217 2943 iurisconsultus

473 2953 885 3041 Gamooanozzero.
1227 2972 1327 3042 intus
1339 2972 1410 3042 1001
1423 2984 1461 3041 er
1475 2971 1675 3041 consueret
1689 2992 1813 3039 summ
1828 2992 2029 3059 sermones,
2045 2985 2081 3044 et
2093 2975 2217 3067 pusu-

271 3106 368 3162 Manlii
381 3109 478 3181 hm&
494 3128 520 3181 p.
533 3110 586 3165 389
599 3128 640 3181 ,ᾧ
1227 3096 1350 3144 corum
1375 3074 1596 3161 negotiorum
1622 3071 1878 3147 tractationem.
1934 3069 2034 3144 llaec
2052 3078 2216 3149 conside-

437 3230 440 3234 .
1227 3177 1315 3246 ratio
1340 3176 1503 3246 excitabit
1526 3176 1564 3243 in
1585 3199 1628 3246 eo
1654 3196 1811 3245 amorem
1832 3172 1943 3247 studii
1958 3170 2068 3261 Iuris,
2093 3192 2128 3249 et
2147 3179 2214 3249 ali-

181 3264 393 3340 Revcrendo
409 3268 497 3354 oiro,
510 3266 565 3342 D.
583 3262 790 3362 Georgio
804 3265 843 3339 B
850 3266 1028 3344 ochhol
1034 3285 1172 3366 tzero,
1225 3278 1310 3371 quid
1338 3278 1471 3349 adseret
1496 3276 1633 3350 iudicii.
1691 3273 1817 3346 Postea
1839 3275 1970 3367 poterit
1988 3278 2026 3346 in
2050 3276 2213 3351 Italicam

445 3369 574 3468 srotri
585 3394 653 3441 suo
668 3364 910 3460 charissimo,
1224 3394 1285 3450 aut
1298 3377 1547 3451 Germanicam
1556 3374 1783 3449 Academiam
1800 3378 1910 3464 mitti,
1929 3377 1998 3447 nisi
2012 3379 2212 3451 deliberare

1223 3483 1332 3553 vultis
1355 3484 1399 3552 de
1419 3476 1568 3552 honesto
1590 3479 1766 3570 coniugio.
1831 3474 1888 3551 Do
1906 3478 1979 3551 lilio
2001 3494 2116 3552 vestro
2142 3476 2212 3552 Io-

1223 3577 1347 3653 hanne
1369 3586 1473 3655 valde
1494 3606 1558 3652 vos
1581 3607 1665 3663 oro,
1691 3606 1773 3651 cum
1796 3580 1843 3653 sit
1861 3594 1987 3655 natura
2010 3582 2213 3669 imbecillis,

1222 3702 1257 3758 ct
1272 3710 1426 3779 sperem,
1451 3687 1526 3756 lore
1540 3685 1657 3755 virum
1673 3684 1931 3775 intelligentem
1954 3698 1989 3755 et
2011 3680 2212 3772 honestum,

1220 3803 1261 3860 ut
1273 3790 1409 3884 aliquid
1426 3788 1538 3880 ipsius
1553 3786 1974 3858 adlectuiconcedatisde
1990 3787 2212 3879 coniugio*),

1220 3906 1254 3962 et
1277 3916 1340 3962 oro
1362 3888 1496 3974 Deum,
1521 3904 1561 3961 ut
1581 3889 1683 3959 vobis
1708 3903 1744 3959 et
1766 3888 1836 3980 ipsi
1860 3888 1962 3959 adsit.
2013 3884 2210 3958 Ecclesiam

1219 4008 1253 4064 et
1279 3989 1433 4085 hospitia
1454 3989 1632 4063 Ecclesiae
1660 4004 1694 4060 et
1717 4012 1781 4059 nos
1803 3987 1882 4060 Deo
1906 3993 2208 4063 commendemus.

1219 4092 1316 4165 Bene
1332 4111 1365 4167 et
1380 4096 1529 4166 feliciter
1545 4093 1669 4165 valete.
1721 4092 1788 4164 Die
1805 4091 1863 4165 19.
1883 4086 1989 4163 Febr.

2082 1082 2221 1109 Q

1228 1631 1278 1719 S.
1306 1645 1352 1717 Ι).
1400 1642 1660 1713 Honestissima
1680 1638 1756 1726 vir,
1789 1653 1826 1710 et
1859 1641 1970 1715 amice
1995 1638 2219 1723 charissime.

1228 1745 1306 1819 Oro
1324 1744 1458 1816 Filium
1472 1744 1559 1831 Dei,
1583 1741 1784 1815 Dominum
1799 1756 1961 1815 nostrum
1978 1744 2093 1821 lesum
2107 1747 2220 1823 Chri-

612 2550 1172 2563 m--—.-——,.-—.

182 3508 230 3595 S.
257 3522 302 3594 D.
345 3521 556 3593 Reverendo
571 3524 637 3609 vir,
653 3537 687 3594 et
702 3524 812 3593 amice
830 3520 1046 3600 charissime.
1101 3529 1170 3602 Hic

179 3622 223 3700 N.
241 3625 286 3696 N.
301 3622 345 3698 N.
357 3620 389 3720 ¹)
407 3651 486 3695 cum
503 3641 606 3697 natus
624 3626 669 3697 sit
690 3627 728 3695 in
746 3623 927 3714 Marcbia,
952 3632 1073 3702 mallet
1096 3657 1171 3703 ser-

177 3728 254 3798 vire
269 3728 396 3798 studiis
411 3728 562 3819 patriae:
582 3742 617 3798 et
633 3752 713 3798 cum
731 3727 1169 3804 audiveritSlonhosium

178 3832 384 3900 relicturum
409 3853 482 3899 esse
506 3826 663 3898 scholam
684 3826 950 3913 Berlinensem,
984 3835 1058 3926 ipse
1080 3839 1169 3928 petit

176 3934 246 4004 sibi
260 3957 335 4002 eam
353 3931 606 4004 commendari.
655 3927 766 4003 Recte
787 3933 910 4002 doctus
932 3948 965 4004 et
987 3940 1167 4009 modestus

177 4049 247 4119 est,
273 4048 307 4103 et
328 4035 520 4106 moderatis
542 4032 700 4102 consiliis
724 4033 992 4126 obtemperabit.
1045 4037 1166 4128 Quare

175 4148 211 4205 te
235 4160 318 4217 oro,
352 4149 392 4204 ut
417 4137 460 4204 iis
482 4138 527 4206 ad
550 4160 638 4229 quos
658 4130 744 4204 baec
769 4135 977 4209 deliberatio
1000 4142 1165 4230 pertinet,

176 4239 506 4352 eumcocmmendes.
558 4237 666 4311 Mitto
688 4237 755 4308 tibi
773 4239 936 4359 exempla
948 4242 992 4310 de
1005 4243 1165 4337 principe
1319 4279 1415 4352 Deus
1431 4294 1545 4352 Serve,
1556 4272 1802 4352 Michaeam·
1847 4271 1926 4369 Ego
1947 4277 2104 4351 libenter
2128 4302 2208 4349 eum

175 4333 356 4431 Georgaeo,
381 4362 531 4430 quorum
546 4363 659 4410 unum
674 4341 790 4410 trades
806 4341 1044 4414 1llustr1ssim0
1060 4347 1163 4437 prin·
1217 4384 1262 4453 ad
1288 4407 1344 4453 me
1369 4354 1539 4477 'recipiam
1565 4382 1757 4473 Νώρα,
1790 4381 1903 4450 donec
1933 4380 2030 4471 apud
2054 4404 2136 4451 eum
2158 4394 2210 4452 es,

175 4444 246 4534 cipi
267 4440 435 4557 Elecmfi'
488 4437 563 4527 Qffi
583 4443 732 4512 venium
753 4466 793 4511 ⁰¹
817 4439 1022 4563 pamfli&
1055 4450 1162 4517 adfff'
1215 4482 1436 4578 Praeceptor.
1488 4483 1636 4556 Possem
1670 4507 1743 4553 una
1773 4484 1814 4552 in
1836 4479 1996 4571 Collegio
2031 4475 2208 4555 babitare.

174 4557 273 4613 mant
293 4540 487 4610 Turcrcum
511 4553 704 4633 tyrannum
726 4557 933 4633 promrttere
955 4544 1163 4619 Pannoniae
1215 4584 1286 4657 sed
1311 4590 1528 4672 videbimus,
1553 4602 1593 4658 u,
1615 4586 1648 4655 ei
1671 4609 1814 4678 quoque
1838 4583 2083 4676 prospiciatur·
2134 4581 2205 4654 Po·

173 4644 335 4764 in‘hiciai
351 4644 390 4711 in
406 4642 624 4763 sixennium'
675 4642 1082 4767 Nam.ip⁸e.d⁰me⁵ti⁰.i⁸
1104 4677 1161 4722 ω’
1216 4691 1327 4760 teritis
1349 4692 1487 4761 mittere
1508 4679 1757 4773 officiosum,
1794 4711 1875 4757 cum
1900 4684 2000 4755 vobis
2022 4683 2207 4757 videbitur

172 4749 360 4817 lamrtatrb.
380 4759 564 4817 retinetur.
624 4741 803 4815 Interfecrt
830 4748 943 4816 filium
965 4774 1158 4821 maximum
1214 4807 1466 4885 opportunum·
1518 4788 1733 4861 Delueiam
1748 4783 1843 4859 nihil
1862 4787 2039 4860 audimus.

170 4863 277 4936 natu,
307 4851 394 4918 falso
418 4861 618 4919 accusatum
643 4871 662 4915 a
683 4870 832 4935 genero,
858 4843 1002 4919 bomine
1018 4847 1160 4922 Ruthe-
2014 4920 2051 4939 ..

169 4982 229 5028 no.
282 4950 386 5021 Nunc
408 4952 511 5022 illum
526 4962 763 5021 accusatorem
790 4946 943 5018 lanizari
966 4954 1158 5046 deposcunt
1956 4916 2150 5011 Phl¹¹PP¹¹⁵·

170 5064 214 5132 ad
229 5053 451 5149 supplicium.
503 5051 600 5124 Haec
614 5055 656 5123 ad
676 5077 734 5122 me
755 5052 973 5145 scripserunt
995 5050 1158 5130 homines
1211 5069 1285 5082 “““·

1244 5156 1274 5222 *)
1293 5153 1357 5210 vid.
1372 5170 1415 5223 ep.
1431 5152 1464 5208 ad
1477 5150 1598 5208 bleieub.
1612 5150 1640 5206 d.
1655 5150 1680 5206 4.
1698 5148 1765 5204 Maii
1785 5146 1859 5205 1554.

1293 5065 1408 5076 nu——n

202 5311 232 5383 *)
252 5313 277 5366 ls
290 5310 341 5365 luit
353 5311 381 5367 d.
403 5309 442 5364 16.
457 5307 541 5361 Febr.
555 5305 629 5361 1497.

207 5403 235 5469 1)
251 5397 435 5456 Buebboltzer
450 5392 590 5465 adscripsit
605 5390 736 5462 marginis
754 5392 911 5447 Bottieber.
