4776 6024
175 137 252 211 808

278 299 431 397 patema
457 292 626 393 beotia)
652 312 715 368 ooo
739 290 931 367 atunsou
955 293 1097 379 uento,
1122 290 1169 364 ba

180 405 306 496 toulant
328 402 486 493 tttctbcn,
512 398 575 485 tint
600 398 634 468 in
655 395 761 481 bicteu
776 396 883 477 Sunio
906 395 981 484 aad)
1004 396 1171 467 uictarum

179 509 214 581 iu
229 501 373 593 &conten
391 519 538 592 gangen,
562 499 623 590 bot
643 497 682 588 lc
698 496 912 590 litottgtafca
933 497 1080 569 tttbcst
1100 495 1172 570 mic:

180 611 234 679 bct
248 602 353 696 gustet
371 604 495 672 trcibco.

743 116 1179 197 arrsromnuu
1234 120 1339 200 tta.
1383 80 1482 201 x'n.
1535 121 1668 200 rasa.

2139 118 2218 206 m
2331 80 2335 90 .

1223 294 1315 365 bella
1331 307 1460 368 exorta.
1496 291 1630 364 Eadem
1651 319 1746 366 nunc
1761 293 1942 366 calamitas
1958 292 2212 387 rempublicam

1224 396 1365 485 affligit,
1391 398 1480 488 qtiae
1496 396 1540 465 iis
1555 399 1711 466 consiliis
1731 396 1974 480 labefactatur,
2000 395 2131 488 quibus
2147 420 2215 486 pu-

1224 511 1300 567 tant
1331 498 1442 589 aliqui
1477 521 1577 588 posse
1612 498 1790 569 constitui.
1853 493 2053 567 Difficultas
2083 511 2218 583 autem,

1225 623 1314 692 quae
1337 600 1437 668 istius
1459 599 1619 668 coloniae
1634 595 1671 691 ¹⁵)
1695 599 1807 670 initiis
1823 599 2011 681 obiicitur,
2036 621 2151 692 neque
2177 600 2216 667 in

1225 716 1393 792 teneque
1417 701 1454 768 in
1480 724 1537 769 me
1558 715 1626 783 est,
1660 725 1784 770 verum
1811 701 1849 767 in
1876 724 1914 769 re
1938 699 2014 788 ipsa
2035 723 2109 768 non
2132 701 2219 770 satis

1226 802 1365 892 provisa
1391 813 1425 870 et
1445 825 1519 869 non
1542 802 1734 871 deliberata
1756 801 1801 869 iis
1827 800 2050 880 auctoribus,
2085 802 2218 895 quibus
2253 882 2256 887 .

1080 977 1089 996 ι
1164 983 1173 1002 ·
1225 904 1398 971 utendum
1421 903 1552 972 fuisset.
1614 901 1770 986 Deinde,
1805 904 1901 993 quod
1926 901 2047 970 omnia
2072 917 2218 973 contra-

530 1116 639 1225 Cpl.
669 1118 814 1204 Lilia.

252 1295 274 1358 t·
291 1290 328 1346 Es
343 1307 436 1362 apogr.
449 1289 478 1344 in
493 1289 555 1346 cod.
568 1289 653 1346 Paris.
670 1289 707 1346 D.
722 1289 751 1344 l..
763 1289 824 1348 ⁵4³.

210 1440 557 1544 Christophoro
583 1441 746 1533 Libia,
784 1439 935 1517 Pastori
958 1441 1149 1516 Ecclesiae

485 1543 872 1644 Braadcoburgcosis.

185 1685 238 1775 S·
259 1701 301 1774 D.
354 1698 565 1771 Reverendo
592 1700 648 1768 vir
677 1715 713 1770 et
741 1699 857 1772 cariss.
885 1699 1003 1767 frater.
1062 1693 1174 1787 Spero

183 1803 255 1870 iarn
278 1816 312 1872 te
333 1801 456 1890 legisse
481 1825 538 1884 ea,
563 1825 652 1893 quae
675 1802 719 1870 de
741 1813 918 1871 conventu
934 1798 1175 1890 Naopyrgensi

184 1903 226 1971 in
239 1902 315 1994 ripa
331 1901 432 1973 Salae
456 1901 676 1994 scripsimus,
702 1903 747 1970 de
769 1901 899 1994 quibus
923 1898 1093 1968 iudicium
1113 1922 1173 1966 ve-

185 2017 296 2073 strum
312 2002 401 2072 scire
417 2003 534 2094 cupio.
570 1998 664 2072 Ante
679 2015 835 2073 nostram
851 2003 918 2069 iter
933 1994 1021 2066 mihi
1039 2001 1173 2068 dictum

183 2105 317 2186 fuerat,
340 2117 509 2173 venturos
526 2126 597 2172 esse
612 2104 654 2171 ad
671 2127 736 2171 nos
751 2103 855 2172 etiarn
872 2126 911 2171 ex
928 2096 1090 2169 Marchia
1108 2101 1174 2168 ali·

185 2227 293 2296 quos,
320 2216 354 2272 et
369 2198 534 2272 Marcbio
553 2196 743 2271 Iohannes
759 2202 879 2272 literas
897 2203 994 2271 misit
1017 2205 1060 2270 ad
1079 2202 1174 2290 lega-

183 2320 241 2374 tos
261 2303 439 2393 Principis
466 2302 791 2395 Wirtebergensis,
828 2303 899 2394 qui
922 2317 1038 2370 tamen
1069 2317 1172 2372 ctram

184 2428 258 2477 non
285 2418 460 2473 venerunt
481 2406 525 2472 ad
551 2427 626 2477 nos.
679 2402 861 2474 Tueamur
881 2425 947 2471 nos
963 2427 1172 2472 consensum

183 2506 284 2597 pium
301 2519 336 2575 et
349 2505 635 2574 coniunctionem
650 2501 889 2576 Ecclesiarum
906 2521 1078 2596 quantum
1094 2527 1171 2594 pos·

182 2628 317 2677 sumus.
376 2605 469 2678 Nam
497 2607 658 2675 aularum
687 2606 818 2675 multae
845 2621 927 2676 sunt
951 2608 1173 2676 mutationes.

183 2703 287 2776 Hanc
303 2707 486 2798 epistolam
506 2709 589 2776 dedi
611 2701 694 2776 huic
709 2699 818 2775 Petro
831 2701 971 2798 Bogio,
993 2721 1074 2775 nato
1099 2729 1173 2774 non

183 2807 309 2899 procul
323 2808 369 2876 ab
382 2806 606 2898 Hamburga,
626 2808 688 2899 qui
703 2809 807 2879 offert
823 2832 858 2877 se
871 2812 914 2876 ad
932 2832 1053 2900 operas
1069 2803 1171 2876 scho-

183 2908 323 2979 lasticas
342 2909 380 2976 in
401 2923 514 2978 vestra
537 2904 678 2987 schola,
705 2922 738 2978 et
759 2911 803 2978 ad
824 2910 1028 2977 concionem
1046 2911 1088 2976 de
1104 2932 1171 3000 qua

183 3008 314 3078 dixisti.
365 3006 478 3098 Spero
495 3009 568 3076 fore
586 3008 809 3096 diligentem,
833 3023 867 3077 et
889 3010 997 3077 latine
1014 3010 1173 3100 loquitur
1227 3053 1235 3070 .

184 3108 260 3177 sine
284 3107 385 3175 viciis
409 3109 655 3196 grammaticis.
717 3105 776 3178 Ad
799 3111 986 3179 conciones
1011 3112 1171 3178 nondum

184 3208 397 3277 assuefactus
423 3221 491 3286 est,
519 3211 578 3276 sed
600 3208 806 3299 pollicetur,
830 3233 867 3277 se
890 3210 1043 3279 studiose
1062 3211 1172 3279 tradi·

183 3322 304 3378 turum
338 3331 510 3376 summam
543 3309 726 3379 doctrinae
761 3303 1015 3403 κατηχήσεως,
1064 3335 1170 3403 quam

184 3424 277 3495 certe
293 3433 394 3501 saepe
417 3411 525 3499 repeti
545 3410 632 3480 utile
649 3424 709 3481 est.
761 3411 801 3483 Si
816 3414 1005 3501 praestabit
1021 3413 1171 3501 diligen-

183 3510 287 3593 tiam,
313 3511 466 3579 retinere
483 3535 563 3581 curn
580 3511 750 3601 poteritis.
800 3510 869 3581 Hic
885 3514 1038 3584 fideliter
1058 3517 1170 3583 servi-

182 3611 244 3683 vit.
294 3607 391 3681 Bene
406 3612 493 3685 vale.
541 3609 609 3683 Die
629 3613 687 3684 14.
703 3611 797 3684 lunii
811 3638 905 3684 anno
922 3612 1032 3685 1554.

921 3711 1119 3809 Philippus.

193 3932 504 3946 *ouon-..nnn-
926 3935 1164 3947 e*

63 4018 69 4025 ·
178 4067 246 4141 No.
258 4069 370 4144 5621.

186 4165 357 4196 Μ

1012 4086 1068 4148 17.
1090 4078 1156 4142 lun.

1009 4173 1153 4194 ·“

347 4250 586 4340 Fabricius
619 4259 684 4343 ud
710 4261 995 4352 Melantlon.

247 4406 269 4475 †
286 4403 324 4459 Es
336 4422 432 4478 apogr.
448 4409 475 4462 in
496 4409 559 4464 cod.
573 4410 656 4468 Goth.
669 4416 729 4470 stt.
747 4435 774 4487 p.
787 4418 830 4472 85.

228 4555 412 4658 Georgius
436 4560 639 4637 Fabricius
662 4562 893 4670 Philippo
920 4574 1020 4650 Mel
1027 4605 1114 4651 oo-

547 4661 688 4738 thoni
710 4673 747 4746 S.
763 4671 806 4746 D.

173 4795 279 4879 'l'uae
294 4813 504 4897 voluntatis,
527 4816 629 4902 fidei,
656 4819 816 4902 virtutis,
844 4838 963 4893 extant
980 4826 1018 4893 in
1036 4821 1091 4896 his
1108 4853 1164 4897 re·

170 4912 336 4998 gionibus
353 4929 385 4983 et
401 4920 569 4992 extabunt
584 4921 785 4991 testimonia
808 4925 1031 5015 sempiterna.
1057 4937 1059 4941 ’
1084 4927 1164 5004 Uti-

168 5033 252 5080 nam
273 5028 307 5084 te
328 5019 498 5104 gratiores
519 5036 632 5093 essent
654 5022 699 5106 ii,
730 5024 792 5117 qui
815 5049 889 5095 esse
912 5029 1098 5115 deberent,
1129 5046 1163 5103 et

167 5113 228 5226 pui
257 5114 294 5184 id
312 5119 419 5186 verbo
444 5145 526 5209 prae
549 5147 585 5193 se
599 5125 730 5198 ferunt.
783 5125 937 5200 Miratus
960 5154 1039 5201 sum
1062 5156 1163 5225 saepe

166 5236 204 5280 cn
231 5231 386 5289 veterum
411 5216 568 5292 historiis
593 5225 779 5299 levissimis
805 5232 850 5300 de
875 5233 990 5304 causis
1009 5236 1162 5306 maxima

1227 998 1362 1072 huntur
1377 1004 1415 1071 in
1430 1019 1500 1073 tam
1525 1004 1687 1073 molestas
1710 1004 1907 1091 angustias,
1933 1026 2039 1091 grave
2060 1005 2127 1074 erit
2151 1009 2217 1076 do·

1227 1104 1403 1187 centibus,
1429 1105 1632 1194 praesertim
1658 1105 1695 1172 in
1719 1106 1784 1176 ista
1806 1106 1992 1189 servitute,
2022 1130 2130 1198 quam
2152 1131 2219 1176 nos

1228 1205 1436 1275 sustinuisse
1452 1205 1527 1274 sine
1544 1206 1710 1285 tumultu,
1737 1207 1814 1275 sine
1832 1205 1987 1298 querela,
2011 1229 2134 1276 omnes
2151 1202 2217 1276 ho-

1228 1306 1340 1373 mines
1369 1306 1496 1375 sciunt.
1553 1305 1699 1399 Loquor
1728 1308 1772 1375 de
1794 1331 1868 1376 me:
1899 1320 1934 1376 et
1962 1320 2020 1390 tu,
2055 1310 2217 1399 quamvis

1226 1406 1359 1477 maiore
1384 1421 1418 1477 et
1442 1405 1613 1497 sapientia
1632 1422 1665 1478 et
1679 1408 1889 1478 fortitudine
1905 1408 2102 1499 praeditus,
2129 1408 2217 1479 isto·

1227 1531 1306 1576 rum
1342 1508 1396 1575 vel
1427 1508 1629 1597 graviorum
1665 1533 1813 1579 onerum
1847 1533 1969 1600 expers
2004 1534 2077 1579 non
2104 1511 2216 1584 fuisti.

1229 1606 1335 1694 Quod
1359 1609 1388 1677 si
1407 1623 1544 1699 peccata
1561 1610 1711 1680 aliorum
1729 1625 1790 1680 ant
1811 1633 1947 1678 errores
1970 1611 2071 1680 nobis
2095 1610 2214 1699 impu·

1227 1722 1363 1794 tantur,
1391 1710 1510 1802 inique
1527 1705 1728 1780 mehercule
1747 1726 1809 1782 est.
1862 1710 1927 1780 Sin
1943 1707 2038 1780 Deus
2055 1709 2127 1802 ipse
2145 1712 2213 1779 im-

1228 1812 1343 1900 pedit,
1386 1814 1481 1902 quod
1509 1807 1686 1882 Ecclesiae
1719 1837 1845 1881 nocere
1871 1813 2062 1905 aliquando
2091 1826 2214 1901 potest,

1227 1911 1306 2002 quis
1337 1925 1458 1981 contra
1490 1912 1605 2002 ipsum
1631 1913 1857 2006 pugnaverit,
1899 1912 2035 1983 etiamsi
2064 1913 2215 1997 coelum,

1226 2025 1356 2081 terram
1373 2013 1563 2083 inclamet?

1327 2143 1448 2215 Nolim
1464 2160 1582 2218 autem
1597 2159 1651 2232 te,
1673 2148 1729 2217 vir
1743 2149 1893 2238 optime,
1920 2128 2077 2219 molestia
2094 2150 2213 2218 nescio

1105 2303 1113 2318 .
1226 2270 1267 2316 ex
1293 2247 1422 2339 quibus
1446 2247 1558 2316 literis
1585 2262 1752 2340 concepta
1783 2250 1937 2318 nimium
1968 2249 2122 2329 moveri,
2155 2251 2214 2318 'cui

1227 2349 1456 2418 consiliorum
1478 2352 1723 2443 factorumque
1738 2352 1912 2421 rectitudo
1937 2375 1978 2420 ac
2001 2351 2216 2420 couscientia

1226 2449 1345 2518 meriti
1361 2449 1554 2520 consolatio
1570 2473 1643 2520 esse
1660 2464 1782 2541 potest.
1833 2450 1970 2523 Literas
1984 2453 2029 2521 ad
2047 2446 2217 2522 Oecono-

1226 2575 1323 2619 mum
1342 2565 1420 2620 tuas
1438 2551 1523 2637 legi,
1551 2566 1583 2620 et
1600 2566 1744 2642 propter
1760 2553 1994 2642 suspicionem
2012 2547 2103 2620 mihi
2122 2548 2215 2620 nihil

1225 2675 1304 2720 cum
1322 2651 1418 2719 illius
1433 2652 1591 2720 consiliis
1606 2676 1804 2722 commune.
1841 2648 2043 2738 Andrean,
2069 2654 2216 2723 fratrem

1224 2777 1360 2834 meum,
1386 2753 1447 2843 qui
1471 2756 1514 2821 ad
1539 2753 1686 2823 usitatos
1704 2756 1774 2824 iarn
1799 2749 1951 2824 honores
1974 2755 2122 2845 aspirat.
2147 2754 2215 2828 tibi

1225 2867 1259 2921 et
1279 2853 1482 2922 doctissimo
1498 2854 1576 2922 viro
1596 2851 1642 2925 D.
1656 2848 1828 2940 Pcuccro,
1854 2878 1984 2945 genero
2005 2869 2090 2941 tuo,
2114 2879 2214 2925 com·

1225 2956 1373 3037 mendo,
1406 2955 1469 3047 qui
1500 2979 1580 3024 cum
1612 2979 1691 3025 eum
1716 2957 1838 3026 multis
1861 2957 1986 3027 officiis
2017 2958 2216 3027 liberaliter

1225 3055 1372 3136 iuverit,
1399 3078 1493 3125 nunc
1517 3081 1658 3149 quoquc
1682 3059 1720 3127 in
1749 3081 1789 3127 eo
1812 3061 1974 3129 ornando
2000 3059 2159 3129 tuebitur
2179 3071 2214 3128 et

1225 3155 1433 3224 heneficium
1469 3171 1502 3227 ct
1534 3157 1707 3228 iudicium
1746 3183 1861 3240 suum.
1930 3159 2018 3230 Vale
2052 3160 2212 3229 feliciter.

1224 3253 1303 3324 xv.
1316 3253 1461 3325 cateno.
1480 3256 1563 3327 tuni
1577 3257 1808 3355 mutatu.

1224 3624 1288 3699 No.
1305 3626 1416 3700 5622.

1232 3720 1402 3755 w

1525 3825 1617 3914 Iao.
1645 3828 1904 3938 Bordingo.

1288 4008 1309 4071 †
1326 4001 1364 4058 Ex
1377 4020 1472 4076 apogr.
1485 4000 1515 4057 in
1531 4003 1594 4060 cod.
1609 4001 1695 4059 Paris.
1711 4004 1746 4057 D.
1763 4002 1794 4058 t.
1807 4003 1872 4058 ⁵4³.

1221 4156 1395 4232 Iacobo
1421 4157 1688 4255 Bordingo,
1715 4157 1856 4233 doctori
1876 4155 2136 4237 orticosam
2153 4162 2214 4232 io-

1415 4258 1513 4358 clyto
1528 4254 1730 4333 Academia
1742 4254 2016 4338 Rostocliona.

1220 4393 1268 4482 S.
1293 4409 1339 4485 D.
1389 4406 1533 4487 Clariss.
1554 4413 1610 4482 vir
1635 4427 1669 4482 et
1696 4411 1813 4482 cariss.
1832 4413 1952 4486 frater.
2004 4409 2086 4482 Non
2108 4413 2212 4504 potui

1219 4511 1382 4601 pluribus
1406 4515 1559 4585 scribere
1583 4538 1662 4584 cum
1687 4528 1721 4583 et
1737 4514 1944 4602 defatigatus
1967 4536 2076 4582 essem
2093 4526 2211 4582 matu-

1219 4612 1291 4682 tina
1315 4615 1560 4685 lucubratione
1585 4630 1619 4686 et
1642 4617 1712 4684 iam
1734 4616 1778 4682 ad
1803 4615 1878 4683 alia'·
1894 4614 2034 4702 negotia
2054 4621 2213 4684 vocarer.

1218 4710 1368 4784 Daoidt
1402 4717 1615 4786 monstrabis
1651 4712 1716 4785 hos
1752 4735 1873 4785 versus
1905 4715 2053 4805 scriptos
2079 4715 2123 4785 de
2151 4715 2211 4785 lue

1217 4839 1315 4886 nunc
1337 4829 1517 4909 grassante
1540 4817 1579 4885 in
1600 4817 1733 4908 oppido
1748 4815 1996 4911 Heidelberga.
2045 4812 2100 4885 Te
2124 4837 2207 4884 vero

1218 4917 1320 4986 valde
1350 4943 1433 4998 oro,
1467 4932 1507 4989 ut
1531 4919 1668 5011 aliquid
1700 4920 1744 4987 ad
1770 4910 2006 4986 Ioochimum
2030 4906 2206 5014 Comerc-

1217 5016 1314 5087 rium
1335 5019 1486 5105 scribas,
1519 5021 1581 5113 qui
1608 5033 1642 5091 te
1665 5020 1708 5089 de
1727 5043 1804 5089 mea
1829 5019 2090 5110 praedicatione
2105 5029 2209 5087 amat.

1245 5263 1286 5335 *λ
1295 5262 1359 5320 vit.
1372 5283 1415 5338 ep.
1429 5264 1457 5319 d.
1472 5266 1514 5322 ts.
1527 5263 1608 5320 l‘ebr.
1623 5273 1649 5319 et
1662 5264 1689 5321 d.
1702 5266 1745 5319 to.
1756 5263 1814 5320 lau.
1827 5261 1853 5318 b.
1865 5282 1891 5320 e.
