4776 6024
232 252 309 332 461

238 425 395 500 ostendit
427 444 465 490 se
494 420 666 493 victorem
699 439 774 491 esse
805 420 930 493 mortis
959 424 994 492 et
1019 417 1227 490 inferorum.

238 525 348 599 Anno
366 516 477 601 1555.

748 560 1178 719 Philippps'Melanthon.

239 817 1227 850 mmm-''⁸“

1068 998 1125 1062 30.
1141 987 1233 1057 Mart.

1055 1079 1226 1110 Μ

254 993 323 1067 Νο.
339 988 457 1098 5759.

248 1091 462 1127 W

507 1187 658 1275 Ioocls.
686 1184 964 1276 camerario.

314 1349 404 1423 Epist.
417 1349 461 1407 ad.
474 1349 582 1408 Cernes.
599 1368 627 1422 p.
635 1347 698 1406 689.
712 1347 770 1419 (sd.
782 1343 870 1404 land.
886 1343 933 1405 lib.
941 1343 992 1403 tv.
1008 1360 1054 1420 ep.
1065 1342 1149 1412 815).

224 1477 225 1481 ¹
247 1512 473 1595 Clarissimo
499 1520 577 1590 viro
602 1515 806 1590 eruditione
826 1525 859 1588 et
879 1515 1010 1588 virtute
1027 1515 1239 1615 praestanti

385 1619 414 1692 I
417 1614 545 1694 ooth.
579 1614 719 1702 Cam,
743 1617 873 1720 fratri
894 1642 963 1690 sao
989 1619 1117 1691 carisa.

250 1753 300 1841 S.
326 1768 371 1842 D.
423 1768 517 1844 Ante
532 1773 692 1842 triduum
709 1770 758 1841 sic
776 1767 1074 1852 intumuitAlhis‚
1089 1785 1130 1842 ut
1146 1771 1237 1841 eiiu-

248 1893 309 1942 tus
332 1872 436 1941 sitin
457 1875 571 1964 ripam
596 1873 772 1965 usquead
796 1865 1033 1966 Ephratam‚
1069 1897 1132 1941 nec
1159 1873 1236 1941 sine

249 1972 408 2064 periculo
429 1996 554 2045 currus
577 1997 642 2065 per
664 1994 772 2065 aquas
796 1966 888 2042 trahi
903 1985 1081 2064 poterant:
1104 1972 1236 2043 Censur

248 2072 358 2163 igitur
379 2075 464 2144 inde
484 2099 567 2144 mox
588 2074 819 2144 remittendos
841 2096 915 2144 esse
931 2075 976 2142 ad
989 2075 1147 2144 vicinum
1170 2099 1236 2167 op-

248 2173 385 2266 pidum.
427 2171 505 2246 Oro
522 2190 639 2245 antem
655 2174 768 2243 filium
781 2170 849 2243 Dei
864 2177 1043 2245 custodem
1057 2172 1235 2247 Ecclesiae

251 2297 351 2360 suae,
377 2288 411 2347 et
426 2290 467 2346 ut
485 2276 598 2346 hlium
614 2268 834 2371 Philippum
858 2277 988 2345 advos
1011 2278 1155 2346 reducat
1177 2277 1235 2345 in-

251 2377 443 2462 columem,
469 2391 504 2448 et
525 2391 664 2449 nostras
682 2373 856 2448 Ecclesias
880 2377 1088 2449 domesticas
1111 2391 1145 2448 et
1167 2402 1235 2471 pu-

250 2476 361 2549 blicas
376 2492 504 2553 servet.

354 2592 396 2663 ln
423 2597 554 2687 oppido
580 2607 702 2666 nostro
735 2619 755 2664 e
777 2594 920 2685 regione
952 2595 1093 2665 aedium
1115 2591 1235 2666 Seba-

253 2691 422 2766 bastiaai
439 2694 603 2788 Collegae
633 2697 766 2782 nostri,
803 2697 943 2767 officina
966 2695 1076 2767 Fabri
1107 2701 1235 2769 aerarii

250 2796 394 2867 incensa
413 2798 482 2870 fuit
500 2814 581 2870 ante
596 2798 844 2892 quatriduum,
875 2821 941 2868 nec
961 2811 1079 2869 tamen
1102 2802 1235 2871 contla-

251 2901 366 2987 gravit
389 2912 463 2969 tota
484 2900 717 2983 domuncula,
742 2924 783 2968 ex
810 2925 879 2991 qua
901 2922 1003 2990 saepe
1018 2900 1111 2985 vidi,
1137 2903 1235 2972 velut

253 3022 294 3068 ex
311 2995 426 3070 Aetna
450 3001 530 3068 eiici
553 3001 677 3089 globos
694 3000 851 3088 ignium,
874 3015 908 3071 et
922 3001 1041 3091 optavi
1056 3001 1234 3073 officinam

252 3099 324 3169 alio
342 3101 381 3169 in
398 3100 474 3169 loco
492 3124 576 3174 esse.
620 3092 825 3196 Casparsm
839 3123 1006 3192 generum
1021 3104 1135 3191 cogito
1151 3128 1235 3196 pro-

251 3212 332 3291 pter
359 3201 494 3271 litteras
517 3195 694 3270 Palatini
723 3215 887 3273 vocatum
913 3225 997 3276 esse.
1054 3202 1126 3275 Sed
1153 3231 1235 3277 mox

251 3300 320 3372 tibi
334 3302 539 3389 significabo
555 3316 675 3372 nostra
690 3303 829 3394 omnia,
855 3328 935 3375 cum
957 3304 1102 3374 domum
1118 3308 1235 3376 redie-

244 3425 305 3479 ro.
356 3401 453 3473 Haec
479 3403 574 3475 enim
595 3405 711 3475 scribo
734 3405 773 3474 in
797 3402 967 3498 Caupona
990 3401 1236 3504 Ephratea*),

216 3531 224 3553 ¹
251 3528 332 3575 rum
361 3506 505 3597 quidem
538 3507 712 3596 aspiciens
739 3507 867 3578 fluctus
893 3503 1014 3592 Albis,
1047 3512 1159 3579 multa
1191 3512 1235 3579 de

251 3607 499 3678 communibus
523 3608 689 3699 perieulis
714 3609 923 3698 cogitarem,
954 3634 1044 3702 quae
1066 3624 1106 3680 ut
1125 3612 1236 3682 leniat
1306 3660 1315 3675 .

249 3706 344 3777 filius
359 3708 448 3794 Dei,
471 3722 546 3780 toto
561 3734 642 3779 eum
664 3722 804 3801 pectore
817 3735 893 3781 oro.
942 3709 1040 3782 Bene
1066 3725 1100 3782 et
1122 3713 1237 3783 felici-

142 3878 147 3897 ,
250 3822 304 3878 ter
319 3810 413 3895 vale,
441 3807 505 3886 ill.
519 3808 667 3900 Caleud.
682 3805 831 3902 Aprilis.

897 3905 992 3986 Phil.
1007 3909 1183 3988 Melanth.

248 4133 379 4148 ,ιι-’.-

247 4272 314 4354 No.
327 4274 442 4356 5760.

243 4375 415 4408 ”³

511 4481 574 4568 A.
605 4481 964 4601 Hordersdergio.

311 4635 379 4716 Epp.
392 4641 425 4697 sd
438 4641 626 4715 Hardenlrerg.
640 4661 682 4714 ep.
695 4643 739 4699 60.

403 4798 460 4877 D.
485 4798 681 4872 Alberto
704 4794 1055 4895 Hardebergio.

237 4931 285 5020 S.
308 4943 353 5016 D.
404 4947 615 5019 Reverendo
630 4950 686 5018 vir
701 4964 735 5020 et
749 4948 927 5019 carissime
942 4948 1062 5015 irater.
1096 4944 1222 5017 Mense

235 5047 368 5119 Martio
378 5041 438 5144 **)
456 5051 525 5120 tuit
541 5067 735 5123 conventus
757 5052 796 5120 in
816 5050 905 5119 urbe
929 5049 973 5118 ad
991 5046 1110 5119 Salam
1125 5047 1220 5121 Nao-

1069 4294 1127 4356 sl.
1143 4284 1231 4353 Mart.

1061 4378 1231 4407 Μ

258 5309 290 5376 v¹)
311 5307 388 5363 Prata
403 5327 488 5382 prope
503 5306 617 5364 Witeb.

260 5390 308 5465 Ι74)
326 5391 362 5450 l).
374 5394 402 5452 8.
415 5396 498 5456 Mur.
512 5394 593 5451 1555.

812 240 1249 344 urrsrouaauu
1300 243 1409 317 um
1432 240 1516 321 xu.
1568 237 1703 321 sess.

2195 235 2278 314 157

1277 415 1411 505 burga,
1433 413 1565 506 inquo
1588 413 1708 482 Duces
1729 408 1903 484 saxoniae
1919 432 2060 491 omnes,
2087 404 2274 482 Marchio-

1280 538 1343 585 nes
1375 513 1756 603 Braudenburgenses,
1795 525 1830 582 et
1859 511 2076 601 Landgcavii
2113 508 2274 583 Hessiaci

1280 615 1449 687 beneficio
1465 617 1588 686 divino
1602 609 1880 684 haereditarium
1900 615 2026 683 foedus
2040 627 2276 700 renovarunt,

1280 704 1330 791 Et
1352 718 1572 787 existimatur
1590 712 1676 786 haec
1697 716 1902 787 coniunctio
1929 716 1975 786 ad
1996 736 2119 805 pacem
2144 707 2278 784 harum

1282 816 1485 908 Regionum
1509 819 1694 910 profutura
1720 839 1805 891 esse.
1855 815 1973 887 Simul
2007 816 2115 886 etiam
2153 838 2277 886 omnes

1284 921 1533 1004 decreverunt,
1566 942 1602 988 se
1623 916 1699 989 Deo
1721 917 1866 988 iuvante
1889 930 2089 988 retenturos
2112 939 2189 987 esse
2208 919 2275 987 do-

1284 1021 1436 1091 ctrinam
1452 1019 1682 1090 confessionis
1698 1014 1945 1110 Augustanae,
1971 1031 2005 1088 et
2020 1042 2096 1102 non
2110 1023 2285 1111 receptu·'

1285 1144 1344 1192 ros
1358 1122 1575 1212 corruptelas
1586 1120 1793 1214 papisticus,
1809 1133 1870 1189 sut
1885 1117 1984 1193 alias.
2013 1117 2111 1190 Haec
2125 1120 2274 1190 consilia

1287 1222 1382 1294 Deus
1405 1223 1561 1296 adiuvet.
1610 1219 1698 1293 Tibi
1720 1244 1823 1313 spero
1842 1216 1937 1290 hanc
1957 1222 2201 1291 narrationem
2217 1221 2274 1289 iu·

1285 1324 1439 1394 condam
1452 1323 1541 1397 iore.
1565 1316 1657 1409 Oro,
1671 1335 1715 1419 nt
1729 1323 1778 1393 sis
1792 1345 1929 1391 memor
1942 1317 2106 1392 Ioannes
2120 1315 2277 1392 Rsiaeri

1287 1420 1614 1514 Oldenburgensis,
1638 1423 1702 1517 qui
1717 1436 1834 1516 posset
1849 1445 1921 1492 esse
1935 1423 2019 1493 usui
2036 1425 2094 1493 vel
2110 1424 2149 1493 in
2164 1419 2273 1507 Aula,

1286 1526 1345 1594 vel
1365 1527 1406 1594 iu
1428 1523 1526 1597 Urbe
1549 1524 1688 1617 aliqua,
1719 1522 1870 1619 Syndici
1891 1524 2022 1599 officio.
2073 1523 2141 1595 Vir
2161 1520 2276 1595 hone-

1287 1639 1363 1696 stus
1379 1640 1431 1696 est
1446 1640 1480 1697 et
1494 1628 1690 1711 modestus,
1713 1639 1748 1697 et
1765 1638 1909 1718 propter
1920 1626 2146 1715 prudentiam
2161 1640 2196 1697 et
2213 1649 2276 1695 co-

1288 1727 1484 1816 gnitionem
1511 1724 1605 1798 luris
1633 1728 1771 1798 utiliter
1801 1726 1840 1795 in
1874 1727 1938 1797 tali
1968 1749 2114 1798 munere
2138 1726 2273 1796 versari

1287 1841 1413 1921 potest.
1453 1827 1566 1897 Filios
1579 1843 1653 1899 tres
1669 1823 1777 1903 hahet
1791 1840 1825 1898 et
1841 1851 1949 1898 unam
1968 1828 2089 1901 filiam.
2129 1827 2273 1918 Quaeso

1224 1975 1234 1992 ·
1286 1943 1327 1999 ut
1349 1932 1393 1999 de
1416 1954 1457 1999 eo
1478 1930 1620 2018 cogites.
1678 1927 1777 2001 Bene
1804 1943 1838 2001 et
1860 1928 2010 2001 feliciter
2028 1928 2117 2004 vale.
2172 1926 2276 2002 Prid.

1284 2027 1362 2106 Cal.
1377 2026 1466 2124 Apr.
1483 2026 1593 2106 1555.

2023 2185 2224 2287 Philippus.

1285 2623 1351 2697 No.
1364 2620 1479 2701 5761.

1290 2738 1463 2769 Qvi„

2131 2640 2161 2700 t.
2177 2628 2256 2715 Ape.

2098 2739 2270 2771 w

1506 2858 1752 2946 rescimus
1781 2862 1839 2949 de
1873 2855 2048 2944 Ursino.

1352 3037 1374 3104 t·
1391 3032 1429 3090 tt:
1441 3033 1576 3109 moguir
1589 3027 1804 3093 atram-1).
1818 3031 1849 3088 l..
1862 3030 1922 3085 Μ’.

1284 3202 1464 3277 Decorus
1500 3193 1667 3296 Collegii
1698 3195 1960 3300 Philosophia·
1996 3201 2038 3274 ia
2070 3200 2271 3277 Academia

1293 3295 2269 3402 Wrtebergeasi,CasparGaillrelmus')sala-

1394 3418 1463 3480 tem
1483 3404 1570 3479 dicit
1588 3406 1756 3479 omnibus
1772 3402 1918 3477 lecturis
1931 3399 2003 3476 itas
2018 3404 2154 3477 literas.

1286 3545 1372 3628 Etsi
1395 3559 1434 3626 in
1459 3580 1585 3646 genere
1609 3550 1767 3625 humano
1787 3576 1935 3644 maguae
1960 3570 1992 3626 et
2013 3557 2129 3626 tristes
2143 3557 2268 3625 coufu-

1286 3683 1403 3728 smnes
1421 3672 1521 3743 sunt,
1546 3671 1664 3729 tamen
1680 3655 1914 3727 certissimum
1931 3670 2001 3740 est,
2025 3654 2139 3727 Deum
2156 3672 2269 3727 aeter-

1286 3784 1373 3830 num
1400 3774 1532 3851 patrem
1554 3758 1694 3829 domini
1717 3756 1830 3826 nostri
1852 3759 1930 3826 lesu
1950 3752 2107 3841 Christi,
2132 3773 2270 3829 creato-

1285 3887 1360 3931 rem
1385 3863 1547 3931 omnium
1570 3884 1690 3930 rerum
1711 3859 1876 3948 colligere
1898 3859 1967 3929 sibi
1996 3883 2038 3928 ex
2059 3854 2268 3930 hominibus

1284 3960 1498 4047 Ecclesiam,
1523 3961 1581 4030 cui
1601 3961 1640 4029 in
1657 3973 1728 4030 tota
1748 3959 1952 4030 aeternitate
1966 3981 2003 4028 se
2019 3960 2268 4035 communicet.

1284 4064 1357 4136 Nec
1373 4088 1454 4134 casu
1469 4087 1510 4132 ex
1525 4059 1721 4132 Democriti
1737 4061 1863 4131 atomis
1884 4060 1959 4130 nati
1982 4083 2105 4130 sumus
2128 4076 2267 4132 tantum

1284 4169 1328 4236 ad
1350 4161 1458 4236 huius
1477 4164 1570 4234 vitae
1590 4185 1787 4235 aerumnas.
1848 4158 2039 4253 Colligitur
2059 4177 2178 4235 autem
2199 4160 2269 4233 Ec-

1283 4268 1387 4339 clesia
1403 4279 1545 4336 aeterna
1559 4259 1747 4353 Evangelii
1760 4286 1862 4348 voce,
1877 4277 1912 4334 et
1927 4287 2000 4333 non
2014 4262 2134 4355 aliter,
2160 4289 2267 4358 quam

1283 4369 1375 4447 filius
1391 4366 1479 4450 Dei,
1502 4365 1562 4458 qui
1579 4377 1631 4436 est
1644 4358 1752 4464 λόγος
1766 4365 1899 4434 aeterni
1919 4364 2050 4457 patris,
2075 4390 2117 4435 ex
2136 4390 2265 4434 arcano

1282 4471 1429 4540 consilio
1447 4468 1644 4537 divinitatis
1655 4466 1821 4558 protulit,
1835 4479 1869 4534 et
1885 4468 1972 4535 adeo
1987 4467 2111 4535 salutis
2123 4480 2265 4538 nostrae

1280 4595 1401 4641 amans
1416 4584 1486 4653 est,
1511 4583 1550 4639 ut
1565 4568 1677 4652 dicat,
1702 4591 1738 4636 se
1753 4567 1877 4637 ludere
1891 4567 1931 4635 in
1945 4568 2033 4638 orbe
2048 4581 2083 4637 et
2095 4568 2263 4638 delectari

1279 4671 1535 4742 consuetudine
1556 4665 1762 4753 homiuum,
1786 4667 1876 4738 sient
1897 4667 1937 4736 in
1957 4667 2149 4740 Salomone
2175 4669 2261 4738 scri-

1276 4786 1375 4864 ptum
1394 4787 1456 4845 est.
1493 4769 1602 4840 Ludit
1618 4784 1735 4840 autem
1751 4769 1925 4838 mirandis
1938 4771 2161 4859 spectaculis,
2185 4792 2259 4837 ser-

1275 4889 1333 4944 vat
1347 4873 1539 4944 Ecclesiam
1557 4873 1597 4940 in
1612 4870 1768 4955 diluvio,
1794 4871 1832 4938 in
1848 4870 1938 4939 mari
1954 4873 2084 4952 rubro,
2109 4883 2144 4940 et
2163 4869 2258 4938 inter

1274 4977 1413 5046 assidua
1442 4974 1633 5045 certamina
1660 4987 1694 5045 et
1720 4997 1805 5044 voce
1826 4968 2015 5063 Evangelii
2045 4985 2096 5045 est
2127 4970 2261 5056 efficax,

1273 5144 1493 5160 Μ

1302 5245 1469 5322 *margini
1492 5243 1582 5301 adseri
1601 5254 1659 5300 tem
1681 5251 1738 5300 est:
1769 5239 1820 5297 Pr.
1840 5235 1931 5303 ciris.
1979 5240 2138 5298 secundm
2159 5243 2262 5314 scripta

1355 5315 1444 5370 ublics
1459 5314 1547 5370 Acsd.
1615 5313 1678 5368 iteb.
1690 5313 1723 5371 Τ.
1736 5312 1773 5367 ll.
1789 5312 1899 5379 Caspas-
1914 5309 2095 5366 oetaeum
2108 5309 2256 5385 ilsllemic,

1332 5336 1386 5442 iuis
1400 5384 1528 5442 Decorus
1539 5381 1648 5467 collegii
1660 5379 1842 5453 philosophici
1853 5381 1883 5437 in
1896 5379 1995 5454 sym·
2007 5380 2089 5440 1⁵⁵⁶.
