4776 6024
228 188 302 263 251
809 149 1238 239 EPISTOLARUM
1287 151 1396 229 LlB.
1421 152 1505 230 ΧΗ.
1560 150 1692 233 1654,
2186 156 2264 233 252

234 360 283 430 ris
302 352 479 427 Ecclesiae
503 341 693 416 catholicae
710 337 796 424 Dei,
827 335 998 406 traditum
1019 331 1058 400 iu
1083 323 1223 416 scriptis
1271 348 1350 395 rum
1374 326 1648 417 promissionum
1665 338 1700 397 et
1714 323 1891 399 invocatio
1909 325 2136 408 adserebant,
2165 328 2261 402 dice-
2311 312 2320 323 ⁸

173 501 175 504 ·
236 453 451 552 propheticis
483 462 515 516 et
543 441 764 537 apostolicis,
805 452 840 508 et
864 436 980 506 studia
1007 446 1040 502 et
1066 427 1223 543 pericula
1271 427 1340 544 Q,
1362 450 1399 496 se
1429 451 1503 497 non
1532 421 1662 499 habere
1685 428 1789 497 aliam
1812 428 2026 499 levationem
2048 431 2266 519 moesticiae,

237 554 490 653 prospiciebat,
523 560 641 616 tamen
664 541 833 621 ostendit,
866 538 981 629 palam
1003 557 1037 603 se
1061 529 1224 620 amplecti
1272 549 1342 595 nist
1364 528 1539 619 colloquia
1562 529 1777 620 optimorum
1800 529 1951 602 fratrum
1973 543 2008 604 et
2024 531 2179 603 aliorum
2196 528 2270 605 hos

237 670 439 730 nostrarum
462 646 698 719 Ecclesiarum
723 642 997 722 confessionem,
1036 649 1069 703 et
1092 632 1137 701 ab
1161 629 1225 698 ad·
1273 640 1454 698 nestorum
1473 653 1513 699 ae
1536 631 1719 703 doctorum
1744 632 1921 717 virorum,
1959 655 2000 702 ac
2021 633 2266 707 delectabatur

237 756 477 830 versariorum
503 748 660 818 consitiis
677 761 711 816 et
726 742 904 814 sacrificiis
918 736 1094 819 discessit,
1119 753 1225 822 seque
1273 725 1342 801 hoc
1355 754 1475 801 versu:
1500 724 1574 824 aad
1587 756 1630 829 ys
1645 727 1757 827 φίλου
1773 723 1881 830 λόγος
1895 728 1973 805 ἔστι
1986 735 2064 816 τοῖς
2078 735 2266 829 λυπουμέ-

237 872 351 934 totum
384 851 520 926 dedidit
550 847 746 941 precationi
778 858 813 915 et
837 840 998 923 lectioni,
1031 850 1065 905 et
1089 834 1226 914 fratres,
1272 856 1364 910 vote.
1413 829 1467 901 De
1489 834 1691 905 forensibus
1708 834 1958 905 controversiis
1974 836 2167 910 disserebat
2183 862 2269 909 eum

239 961 392 1053 optimos
417 952 621 1043 Principes,
661 973 740 1017 cum
765 945 894 1039 quibus
921 941 1053 1008 intuta
1079 934 1151 1001 vita
1176 931 1226 998 sic
1274 931 1361 1000 viris
1384 931 1586 1004 clarissimis
1611 932 1875 1006 Iurisconsultis
1896 937 2070 1027 sapientia
2084 951 2122 1009 et
2134 939 2267 1012 virtute

240 1062 347 1146 vixit,
371 1054 528 1127 utnulla
549 1075 604 1120 res
619 1070 777 1142 unquam
793 1067 915 1115 eornm
933 1035 1160 1109 concordiam
1173 1032 1226 1099 la·
1274 1035 1554 1123 praestantibus,
1584 1032 1804 1131 Hieronymo
1826 1029 1997 1131 Schurfio
2022 1053 2058 1110 et
2078 1038 2266 1114 Ludoviso

237 1157 479 1236 hebetaverit,
500 1154 537 1221 in
553 1150 734 1221 laboribus
747 1142 1011 1236 gubernationis
1026 1136 1148 1207 sedulo
1163 1132 1228 1201 ad·
1275 1127 1441 1204 Fuclssio
1457 1130 1505 1231 ¹),
1535 1137 1579 1206 de
1595 1138 1753 1228 eorporis
1768 1134 1918 1209 humani
1935 1153 2080 1226 natura,
2104 1143 2151 1211 de
2167 1166 2267 1213 mor.

240 1264 342 1335 iuvit.
369 1256 421 1329 Ae
434 1255 589 1349 primum
604 1249 783 1320 communi
799 1244 948 1317 consilio
963 1264 1043 1311 urm
1059 1235 1228 1308 fratribus
1276 1239 1404 1305 borum
1419 1237 1532 1307 causis
1547 1250 1582 1309 et
1597 1238 1763 1308 remediis
1774 1263 1855 1309 eum
1870 1240 2093 1331 peritissimis
2107 1244 2266 1329 medicis,

241 1360 454 1435 instaurarit
473 1352 647 1426 Ecclesias
670 1352 707 1418 in
731 1350 862 1442 patria,
891 1342 1059 1437 praeierit
1081 1339 1228 1408 idoneos
1276 1336 1484 1409 Sebastiano
1500 1331 1731 1425 Aurbachio,
1753 1338 1954 1430 Augustino
1968 1336 2140 1436 Schurfio
2158 1358 2194 1415 et
2209 1342 2266 1417 la-

242 1479 417 1561 pastores,
458 1456 560 1526 iussit
587 1467 681 1523 recte
708 1450 827 1520 doceri
849 1446 1043 1539 populum,
1075 1435 1228 1508 abolevit
1277 1440 1366 1507 eobo
1388 1432 1587 1521 Milichie,
1625 1444 1668 1510 de
1691 1441 1854 1514 doctrina
1876 1438 2054 1515 Ecclesiae
2075 1470 2156 1517 oum
2179 1439 2268 1517 Lu.

242 1570 333 1640 ritus
355 1562 518 1639 vitiosos,
542 1553 724 1624 constituit
744 1545 897 1632 scholas,
918 1543 1082 1614 attribuit
1096 1540 1228 1629 stipen-
1277 1532 1397 1624 thero,
1427 1536 1457 1609 Ι
1455 1562 1528 1609 ona
1550 1555 1584 1611 et
1606 1536 1766 1613 Iohanne
1786 1536 2036 1639 Bugonitogio
2051 1543 2266 1628 Pomerauo‚

243 1670 314 1742 dia.
367 1661 418 1731 lta
441 1660 531 1728 tacta
557 1668 608 1724 cst
632 1651 830 1722 emendatio
854 1649 932 1717 sine
951 1640 1229 1714 dissensionibus
1277 1665 1317 1709 ac
1338 1641 1466 1710 multas
1488 1667 1610 1712 eorum
1634 1643 1889 1734 disputationes
1911 1647 2032 1737 plenas
2050 1647 2263 1719 eruditionis

244 1784 278 1840 et
301 1767 376 1836 sine
393 1761 467 1830 ullo
485 1756 649 1825 tumultu.
698 1750 746 1821 Et
761 1750 903 1820 iudiciis
918 1772 957 1816 ae
969 1743 1136 1833 exemplis
1149 1739 1229 1831 pio·
1278 1754 1313 1812 et
1334 1742 1471 1833 pietatis
1493 1744 1730 1815 meminimus.
1781 1742 1987 1819 assedimus
2008 1766 2087 1819 eum
2108 1748 2264 1819 iuterro-

241 1890 322 1939 rum
337 1861 545 1948 Principum
566 1854 672 1923 multi
697 1854 740 1920 ad
764 1851 980 1939 agnitionem
1002 1842 1158 1914 veritatis
1173 1840 1228 1907 iu·
1278 1856 1376 1931 garet
1389 1840 1605 1925 Lutherum,
1632 1871 1703 1938 quo
1728 1848 1834 1918 modo
1855 1847 2031 1919 invocatio
2053 1849 2093 1918 iu
2105 1845 2265 1921 Ecclesia

241 1966 344 2039 vitati
367 1972 470 2042 su'nt,
500 1955 604 2024 multi
627 1952 835 2022 confirmati.
892 1948 1020 2018 Postea
1043 1956 1076 2012 et
1100 1944 1137 2010 in
1152 1940 1230 2009 aliis
1279 1945 1507 2014 discernenda
1541 1947 1587 2014 sit
1612 1948 1657 2014 ab
1683 1940 1823 2018 ethnica
1848 1949 2091 2035 invocatione,
2123 1975 2205 2021 eum
2230 1967 2266 2025 et

243 2067 403 2162 partibus
426 2054 691 2150 gubernationis
711 2052 862 2121 fideliter
884 2062 918 2118 et
939 2047 1074 2116 utiliter
1096 2041 1229 2134 patriae
1278 2038 1423 2114 Ethniei
1437 2070 1511 2115 non
1526 2047 1651 2116 furiosi
1666 2049 1871 2137 cogitariut,
1895 2074 2004 2121 uuam
2021 2074 2096 2123 esse
2110 2064 2267 2123 mentem

244 2166 402 2240 servivit.
457 2157 596 2227 Deinde
623 2166 767 2223 vocatus
790 2154 834 2221 ad
857 2148 1031 2221 Ecclesias
1059 2144 1230 2233 regendas
1279 2140 1554 2217 architectrieem
1575 2150 1725 2218 muudi?
1781 2147 1836 2221 Ibi
1858 2143 2047 2222 Lutherus
2070 2156 2265 2245 respoudit,

245 2272 284 2340 in
300 2256 566 2348 Mersburgensi
591 2255 740 2337 diocesi,
770 2252 823 2322 ibi
843 2273 984 2344 quoque
1002 2260 1095 2316 reete
1111 2242 1229 2313 doceri
1278 2270 1416 2336 semper
1430 2247 1468 2317 in
1484 2250 1708 2320 invocatione
1720 2252 1946 2341 cogitandum
1962 2276 2052 2338 esse,
2073 2254 2159 2348 quid
2173 2256 2264 2326 allo-

244 2367 419 2469 populum
442 2358 594 2439 curavit,
627 2369 661 2424 et
684 2355 835 2445 praefuit
859 2350 1023 2420 Ecclesiis
1044 2348 1231 2417 universae
1279 2372 1447 2441 quamur,
1474 2365 1508 2420 ct
1530 2352 1786 2440 seiungendum
1804 2376 1876 2423 esse
1895 2368 2052 2426 nostram
2068 2355 2266 2427 invocatio-

245 2467 402 2561 regionis
414 2460 616 2554 Mysorum,
640 2457 777 2548 fuitque
801 2450 860 2523 hie
875 2453 907 2521 ei
924 2451 1017 2520 vitae
1033 2471 1155 2517 cursus
1167 2469 1231 2514 an·
1278 2473 1359 2517 nem
1376 2451 1421 2519 ab
1437 2445 1595 2533 ethnica,
1620 2477 1660 2522 ac
1673 2453 1858 2545 praecipue
1872 2457 2032 2529 esseduo
2048 2456 2267 2550 discrimina,

245 2593 312 2642 uos
326 2569 400 2636 fere
415 2558 560 2649 viginti,
585 2559 697 2625 donee
713 2581 754 2624 ex
766 2551 832 2633 hac
848 2552 991 2622 mortali
1005 2550 1076 2618 vita
1091 2551 1134 2618 ad
1151 2571 1230 2615 coe·
1280 2550 1429 2620 alterum
1449 2553 1492 2620 de
1507 2554 1655 2623 essentia
1671 2551 1751 2636 Dei,
1774 2557 1923 2626 alterum
1940 2557 1984 2626 de
1998 2558 2200 2644 voluntate,
2224 2584 2266 2631 ae

245 2671 343 2742 lestis
380 2660 558 2735 Ecclesiae
591 2657 790 2726 societatem
823 2669 966 2724 vocatus
1000 2664 1062 2721 est.
1131 2647 1232 2716 Vixit
1280 2652 1324 2720 de
1346 2664 1497 2747 utroque
1521 2655 1724 2726 discrimine
1740 2670 1858 2727 mente
1875 2658 2061 2729 intuendas
2076 2681 2150 2729 esse
2165 2673 2265 2752 pate-

247 2785 361 2844 castus
393 2766 433 2834 in
465 2761 538 2830 vita
569 2757 680 2827 celibe
712 2758 787 2826 sine
819 2757 892 2824 ulla
923 2750 1231 2822 contaminatione.
1280 2753 1448 2822 factiones
1462 2755 1601 2824 divinas
1618 2756 1657 2824 in
1673 2758 1847 2849 baptismo
1862 2759 1927 2828 lilii
1942 2773 1976 2830 et
1990 2759 2095 2845 alias,
2119 2784 2159 2831 ae
2179 2786 2265 2852 pro-

246 2869 460 2945 Cubiculum
477 2862 551 2931 eius
564 2870 638 2929 erat
656 2859 840 2949 templum,
866 2854 1055 2924 Academia
1074 2865 1107 2921 et
1123 2851 1231 2922 curia.
1281 2854 1466 2924 missiones
1483 2856 1654 2927 divinitus
1669 2859 1826 2933 traditas,
1876 2857 1979 2931 Hauc
1993 2861 2107 2953 ipsam
2122 2862 2169 2933 ob
2181 2887 2266 2935 eau-

244 2973 337 3045 Nam
361 2969 413 3037 ihi
438 2961 523 3034 haee
545 2961 676 3030 fiebant
701 2956 876 3049 quotidie,
907 2953 1084 3045 precatio,
1116 2951 1231 3034 lectio,
1280 2977 1354 3023 sam
1382 2956 1553 3046 prodiisse
1576 2955 1690 3028 Deum
1719 2985 1761 3029 ex
1789 2984 1917 3031 areana
1945 2963 2046 3043 sede,
2082 2977 2123 3034 ut
2150 2963 2190 3033 in
2209 2961 2266 3035 his

247 3070 393 3163 scriptio
422 3078 456 3135 et
486 3060 758 3132 deliberationes
778 3060 822 3126 de
846 3055 1111 3145 gubernatione.
1166 3047 1232 3135 Ae,
1282 3057 1572 3147 patefactionibus
1587 3074 1814 3149 agnoscatur,
1840 3076 1875 3133 et
1889 3085 1910 3132 a
1924 3065 2179 3137 commenticiis
2194 3090 2266 3138 nu·

246 3188 287 3247 ut
302 3170 453 3248 Esdras,
485 3179 634 3255 utraque
659 3160 697 3227 in
720 3183 758 3228 re
782 3158 913 3250 patriae
935 3156 1086 3248 profuit,
1112 3151 1232 3221 docuit
1282 3156 1438 3243 minibus
1454 3159 1577 3249 procul
1593 3162 1808 3250 seiungatur.
1848 3160 1902 3233 Ae
1917 3164 1954 3233 iu
1970 3163 2266 3254 cogitationeEs-

247 3290 282 3347 et
297 3266 517 3344 confirmavit
530 3263 660 3331 multos
673 3259 902 3330 concionibus
918 3271 952 3327 et
966 3256 1069 3325 editis
1083 3253 1232 3343 seriptis,
1281 3258 1411 3329 sentiae
1425 3254 1520 3329 hunc
1534 3259 1661 3342 Deum,
1686 3263 1749 3354 qui
1764 3276 1863 3355 pater
1876 3279 1929 3335 est
1939 3279 2100 3341 aeternus
2114 3265 2263 3338 Domini

247 3391 282 3448 et
303 3373 393 3449 rexit
416 3366 562 3439 consilia
583 3360 859 3453 gubernationis.
909 3357 1093 3427 Neminem
1119 3354 1232 3441 sciens
1283 3360 1393 3427 nostri
1410 3357 1488 3429 lesu
1505 3355 1656 3442 Christi,
1688 3378 1723 3433 et
1743 3389 1823 3434 cum
1847 3365 1920 3436 filio
1944 3380 1979 3437 et
1998 3367 2261 3458 spiritoaancto

246 3497 404 3568 unquam
420 3468 540 3550 laesit,
563 3463 735 3535 benefecit
749 3460 914 3553 privatim
932 3473 967 3530 et
982 3457 1122 3550 publice
1137 3457 1231 3524 mul·
1282 3461 1401 3529 omnia
1424 3462 1603 3547 condidit,
1635 3477 1668 3533 et
1682 3466 1952 3555 promissionem
1968 3469 2264 3541 reconciliationis

247 3579 311 3659 tis,
345 3573 414 3641 fuit
434 3590 555 3637 suasor
577 3566 672 3657 pacis
693 3565 788 3633 inter
807 3560 1005 3652 Principes,
1037 3559 1230 3628 multorum
1282 3562 1442 3645 tradidit,
1482 3587 1628 3656 eamque
1656 3568 1826 3653 sanguine
1853 3582 1888 3638 et
1916 3571 2170 3641 resurreetione
2199 3571 2267 3643 filii

248 3674 392 3749 diremit
406 3667 671 3749 controversias,
695 3662 882 3748 abhorruit
896 3663 940 3732 ab
957 3661 1122 3730 omnibus
1139 3659 1232 3731 sedi·
1282 3663 1491 3752 obsignavit,
1516 3665 1803 3759 compellandum
1816 3692 1902 3755 esse,
1927 3671 2018 3743 sieut
2032 3672 2149 3765 inquit
2160 3667 2269 3743 Chri-

246 3777 363 3857 tiosis,
389 3770 624 3852 turbulentis,
650 3764 865 3836 Alcibiadeis
886 3762 1063 3842 consiliis,
1088 3763 1133 3829 ab
1156 3784 1231 3827 am·
1282 3778 1371 3833 stus:
1397 3766 1459 3856 qui
1483 3788 1538 3835 me
1560 3767 1674 3852 videt,
1698 3767 1796 3845 videt
1815 3783 1963 3860 patrem-s
2015 3769 2069 3842 De
2085 3774 2267 3847 voluntate

245 3880 382 3953 bitione
399 3871 633 3944 alienissimus
647 3867 726 3936 fuit.
764 3864 955 3956 Nunquam
972 3863 1024 3931 ira
1038 3861 1093 3930 vel
1109 3861 1231 3930 odium
1283 3866 1386 3934 etiam
1411 3867 1558 3953 cogitari
1576 3881 1739 3959 oportere
1759 3868 2271 3964 Mediatoremetpromissio·

245 3983 303 4054 vel
332 3975 510 4053 vindictae
538 3969 712 4061 cupiditas
742 3990 823 4034 eum
854 3962 1014 4055 impulit,
1047 3973 1232 4031 utcontra
1283 3989 1356 4038 nes.
1406 3964 1500 4036 Huic
1518 3993 1619 4037 verae
1637 3971 1854 4041 invocationi
1870 3973 2105 4044 dissimillima
2120 3989 2174 4045 est
2189 3972 2269 4049 ethe

246 4080 421 4153 iusticiam
448 4076 576 4144 taceret
601 4084 664 4142 aut
690 4064 982 4159 tranquillitatem
1008 4084 1232 4139 communem
1283 4067 1360 4134 nica
1391 4090 1452 4136 seu
1474 4066 1642 4153 Turcica,
1676 4096 1765 4165 quae
1795 4070 1898 4167 pegat
1924 4069 2020 4144 hune
2043 4100 2127 4147 vere
2148 4072 2268 4153 Deum

246 4182 417 4254 turbaret.
468 4173 622 4243 iniurias
645 4171 776 4242 multas
797 4180 832 4237 et
847 4187 991 4254 magnas
1006 4162 1139 4233 excelso
1154 4162 1233 4231 ani·
1283 4167 1502 4237 conditorem
1525 4193 1643 4239 rerum
1660 4197 1753 4259 esse,
1780 4174 1843 4267 qui
1857 4188 1909 4244 est
1922 4188 2023 4267 pater
2035 4173 2184 4248 Domini
2201 4204 2269 4251 no·

246 4305 307 4351 mo
340 4273 555 4346 condonavit
586 4269 836 4365 tranquillitati
875 4266 1056 4359 publicae,
1093 4264 1233 4334 dolores
1282 4269 1345 4339 stri
1371 4265 1449 4339 lesu
1471 4262 1623 4355 Christi,
1656 4293 1690 4342 et
1710 4276 1850 4365 ignorat
1867 4272 2103 4353 Mediatorem
2124 4293 2160 4351 et
2182 4304 2268 4371 pro-

248 4382 354 4453 etiam
370 4377 459 4449 alios
475 4397 515 4443 ea
530 4372 640 4441 animi
655 4371 895 4442 moderatione
910 4368 1005 4452 tulit,
1024 4380 1064 4437 ut
1076 4366 1159 4437 satis
1174 4366 1230 4439 in·
1283 4370 1485 4451 missiones,
1525 4374 1585 4440 sed
1614 4374 1767 4459 dubitat,
1805 4401 1852 4447 au
1875 4392 1910 4449 ct
1929 4380 2269 4471 curuosiudiguos

246 4482 359 4569 telligi
379 4488 512 4571 posset,
545 4495 626 4540 eum
653 4472 839 4541 sustentari
864 4469 1088 4539 invocatione
1099 4463 1175 4536 Dei
1199 4481 1234 4537 et
1282 4469 1378 4540 Deus
1400 4472 1571 4545 exaudiat.
1623 4473 1782 4548 Taxabat
1801 4476 2052 4549 et'dd'ctrinam
2066 4477 2268 4559 Monaeltor

247 4581 466 4674 acquiescere
480 4576 519 4641 in
534 4570 622 4644 Deo.
672 4569 802 4649 Norat,
824 4584 864 4640 ut
878 4572 932 4638 vir
945 4572 1080 4659 doctus,
1106 4568 1233 4638 discri-
1282 4592 1380 4659 rum,
1412 4597 1500 4664 quae
1524 4575 1622 4644 iubet
1642 4578 1780 4647 adferre
1801 4578 2118 4653 dubitationematl
2135 4576 2268 4669 Deum,

247 4684 345 4753 mina
361 4674 643 4750 consolationum
657 4666 892 4739 humanarum
911 4684 944 4738 et
959 4670 1174 4751 divinarum,
1199 4683 1233 4736 et
1283 4673 1372 4741 sicut
1394 4674 1560 4745 adferunt
1582 4670 1731 4763 ethuiei;
1775 4678 1916 4752 iubebat
1939 4705 2040 4772 saepe
2063 4681 2268 4759 recitarem

249 4805 351 4875 saepe
373 4776 461 4849 haec
482 4776 575 4847 dicta
596 4770 791 4864 repetebat:
828 4772 990 4839 subditus
1011 4783 1084 4838 esto
1100 4768 1175 4838 Deo
1199 4782 1233 4837 et
1281 4797 1418 4865 semper
1433 4775 1471 4842 in
1486 4775 1709 4855 invocatione
1723 4780 1874 4869 cogitare
1890 4782 2266 4877 promissiones‚,;quis

248 4906 312 4957 ora
334 4904 426 4952 eum.
476 4876 593 4970 Prope
613 4887 665 4944 est
678 4869 855 4942 Dominus
874 4864 948 4947 his,
981 4870 1043 4962 qui
1064 4868 1231 4962 tribulato
1282 4898 1401 4944 earum
1418 4877 1627 4967 cogitatione
1642 4879 1728 4948 tides
1745 4884 1968 4954 accendenda
1978 4885 2044 4968 sit,
2069 4886 2265 4959 cedamus·-

250 4998 334 5058 sunt
352 4982 475 5063 eorde,
506 4995 540 5050 et
563 4974 715 5053 humiles
738 4971 865 5062 spiritu
887 4969 1047 5040 salvabit.
1096 4968 1233 5056 Studia,
1282 4976 1342 5047 bat
1357 4972 1666 5051 Enthusiastarum
1693 4981 1849 5068 furores,
1874 4986 1942 5078 qui
1957 4979 2267 5067 abducunthomi-

248 5087 408 5168 dolores,
437 5081 621 5150 assiduitas
637 5079 675 5146 in
692 5072 966 5164 gubernatione,
998 5070 1152 5162 precatio
1168 5071 1232 5142 ab·
1281 5100 1343 5147 nes
1364 5101 1384 5147 a
1407 5078 1617 5169 cogitatione
1640 5083 1788 5173 scriptae
1808 5086 2062 5175 promissionis,
2090 5082 2271 5171 „Direlsat

245 5188 423 5259 ducebant
443 5205 523 5250 eum
547 5182 592 5249 ab
614 5179 779 5248 omnibus
801 5174 1040 5269 voluptatibus
1062 5175 1230 5266 corporis,
1840 5260 1844 5269 Ι
1885 5246 1892 5267 ‚
1948 5214 1954 5227 ι
1990 5236 2008 5271 a
2068 5236 2085 5271 Ι,
2125 5256 2133 5275 Γ
2171 5174 2230 5269 air
2263 5230 2267 5237 .

244 5288 297 5361 ac
320 5300 401 5383 post
422 5279 698 5362 consolationes,
737 5301 824 5377 quas
845 5278 877 5351 ei
892 5275 1230 5375 ,cogitationbius
1317 5244 1794 5379 1)0„1„„p,1,a,[„„a„„'
1815 5310 1835 5347 -.
1863 5310 1960 5375 ..·.-·=«!.
1991 5374 1995 5385 ι
2029 5310 2105 5373 ..t·
2138 5304 2226 5371 ,pfl
2267 5304 2274 5317 ·
