4776 6024
260 181 338 256 599
825 170 1257 253 uelsrouauuu

267 353 400 447 quibus
408 343 585 420 Ecclesiae
599 363 633 419 et
647 343 846 420 scholarum
866 350 923 441 pia
940 363 976 420 et
990 348 1154 421 salutaris
1169 366 1256 416 con·
1325 361 1328 367 ’

269 454 408 529 stitutio
426 451 671 542 interpolatur.

168 543 173 552 ’
369 551 504 641 Scripsi
519 553 565 621 ad
583 567 617 623 te
633 564 736 622 antea
751 556 796 622 de
812 553 968 623 editione
982 553 1141 622 locorum
1157 544 1258 620 theo·

226 653 230 662 ’
271 655 481 744 logicorum,
512 676 601 746 quos
625 656 664 723 in
686 653 871 725 Dialecten
895 648 1151 742 Saxonicam¹)
1174 675 1260 719 cou-

269 777 390 825 versos
429 751 670 848 typographus
713 771 835 827 noster
877 759 1048 825 excudere
1087 753 1258 835 instituit3

271 880 379 952 quare
406 874 608 929 reverenter
633 871 734 949 peto,
759 877 799 928 ut
824 872 920 926 tuam
948 856 1164 925 voluntatem
1193 876 1259 920 no·
1312 909 1313 913 ,
1615 909 1624 927 .
1684 901 1720 977 0
1752 905 1759 922 .
1812 902 1874 976 d.
1982 910 1991 927 .
2275 918 2284 932 ,

271 960 326 1027 his
360 957 549 1046 significes,
583 959 691 1052 idque
725 959 890 1049 inprimis
922 981 968 1026 an
1004 957 1158 1051 aliquam
1185 955 1260 1024 eius
1312 922 1668 979 ⁰⁰m⁰⁰¹¹tr⁰ver⁵¹³e
1721 932 1808 977 mn
1839 931 1955 994 '¹⁶⁰⁶’
1981 934 2019 982 ¹¹¹
2036 935 2103 1004 ΨΜ
2127 926 2163 982 ⁰²
2183 939 2306 984 ⁰⁰⁰⁸*

145 1108 148 1113 ι
272 1057 388 1150 operis
408 1046 543 1148 partem
560 1062 679 1130 denuo
699 1074 853 1130 retexere
873 1054 1050 1149 cupias²).
1102 1055 1200 1126 Beue
1226 1069 1260 1124 et

272 1159 420 1229 feliciter
437 1161 523 1233 vale.
575 1156 761 1233 Rostochii
777 1164 815 1236 2.
828 1158 1019 1234 Novembr.
1075 1153 1184 1234 1555.

864 1307 981 1381 David
1005 1306 1211 1405 Chytraeus.

281 1527 496 1542 *σαν-1....

288 1675 354 1750 Νο.
371 1675 482 1751 5862.

624 1874 734 1988 cpi.
765 1875 913 1962 Libia.

342 2055 361 2119 ι.
381 2049 526 2121 ussup.
546 2049 575 2102 u
591 2051 653 2107 eoa
668 2049 755 2107 vau..
773 2049 809 2108 o.
823 2051 856 2107 r..
871 2053 931 2105 ses.

299 2200 652 2304 Christophoro
677 2203 855 2305 Libya,
881 2203 1036 2281 Pastori
1061 2208 1249 2283 Ecclesiae

586 2305 972 2404 Brundenburgensis

207 2512 218 2526 ,
273 2443 322 2530 S.
346 2455 391 2529 D.
443 2455 654 2529 Reverendo
670 2459 726 2529 vir
749 2473 781 2530 et
804 2461 982 2531 carissime
1001 2463 1120 2535 frater.
1171 2458 1262 2532 Cum

273 2548 331 2629 hic
348 2548 559 2630 Fridericus
577 2556 604 2629 I
602 2557 734 2631 leonas
755 2561 793 2630 in
809 2561 1035 2632 Academiam
1054 2562 1261 2632 Pomerani·

273 2684 349 2729 carn
383 2661 561 2747 mittatur,
596 2664 701 2733 velim
737 2676 772 2734 te
804 2664 925 2734 literas
950 2665 984 2744 ei
1009 2670 1055 2735 ad
1082 2662 1260 2735 Iacobum

271 2753 468 2856 Rungiam
495 2765 590 2838 dare.
641 2764 723 2834 Non
737 2766 831 2834 enim
848 2766 993 2846 dubito,
1019 2780 1053 2836 te
1071 2767 1171 2860 quasi
1186 2767 1261 2838 col-

271 2864 395 2955 loquio
412 2864 531 2934 iacobi
553 2866 730 2940 delectari.
782 2865 889 2938 Mitto
916 2882 1032 2937 autem
1054 2869 1121 2937 tibi
1144 2862 1261 2959 pagelss

271 2964 324 3034 las
343 2965 614 3054 disputationis,
639 2969 697 3037 cui
719 2982 754 3045 te
774 2964 882 3038 hodie
900 2971 1019 3039 adesse
1035 2970 1186 3061 optarim
1204 2964 1259 3064 ⁸⁸).

271 3062 436 3134 Profecto
453 3067 546 3137 euim
570 3069 613 3136 de
639 3069 777 3158 magnis
803 3071 907 3139 rebus
933 3071 1094 3141 instituta
1123 3083 1175 3141 est
1201 3095 1261 3140 ex-

178 3219 181 3226 .
271 3164 427 3256 plicatio.
485 3163 522 3236 Ο
556 3192 629 3237 rem
662 3171 844 3249 miseram,
883 3173 979 3263 quod
1014 3173 1200 3241 doctorum
1226 3186 1260 3242 et

271 3266 414 3358 piorum
438 3268 615 3362 colloquia
632 3270 876 3361 impediuntur
890 3268 1185 3365 sycophantarum
1202 3297 1260 3342 ra-

270 3369 340 3436 bie.
391 3366 483 3438 Corn
510 3371 587 3442 istic
610 3396 759 3454 venero,
785 3375 829 3442 de
856 3369 912 3442 his
937 3374 1043 3444 rebus
1059 3375 1258 3468 loquemur.

272 3467 332 3538 Tu
347 3469 481 3541 interea
504 3487 645 3559 curato,
670 3487 711 3544 ut
727 3488 883 3544 mustum
909 3468 1116 3557 habeamus,
1140 3478 1258 3545 minus

273 3573 441 3658 crudum,
467 3598 573 3667 quam
601 3590 675 3645 erat
701 3600 795 3646 anno
811 3576 1002 3668 superiore.
1055 3575 1152 3647 Bene
1169 3579 1257 3648 vale.

269 3671 305 3745 5.
319 3670 512 3745 Novembr.
539 3677 601 3770 qui
628 3693 678 3748 est
704 3679 836 3747 mensis
860 3663 979 3759 ibon,
1007 3679 1114 3749 idest
1139 3674 1259 3774 cipim-

265 3773 365 3854 νεῖος
379 3767 451 3869 '*).

1010 3928 1207 4027 Philippus.

992 4283 997 4292 ῃ
1097 4310 1133 4391 ’6.
1149 4317 1228 4384 Nor.

578 4519 644 4608 lo.
673 4523 935 4613 Mottbesio.
1105 4638 1108 4642 A

316 4685 417 4759 Spist.
433 4688 483 4744 lib·
499 4687 531 4749 ll.
548 4711 576 4765 p.
592 4693 636 4751 76.
649 4696 706 4763 (ed.
721 4695 810 4758 bord.
825 4699 871 4755 lib.
886 4699 921 4757 ll.
936 4717 980 4773 ep.
995 4702 1063 4769 GL).

268 4810 475 4828 ,ια-...κ

267 4299 334 4373 Νο.
357 4299 470 4378 5868.

273 4396 446 4428 Μ

300 4902 326 4968 l)
346 4901 367 4957 i.
380 4921 403 4956 e.
415 4902 546 4960 &reniae
559 4907 711 4983 inferioris,
730 4914 758 4970 la
778 4915 825 4968 bei
847 4910 1069 4982 atcustmtld'e.
1179 4932 1183 4939 '

295 4989 325 5056 2>
346 4986 516 5060 Responsum
533 4993 665 5051 Melsutb.
682 4997 736 5052 rid.
751 4996 822 5051 inira
837 4999 865 5055 d.
877 5001 921 5058 li.
936 5001 1099 5056 Novi'ibfrd.

297 5076 329 5144 ΙΙ)
349 5074 546 5198 vapulationis
565 5082 686 5139 conradi
704 5082 840 5149 Becker..
857 5084 1085 5151 Brumirm's,
1106 5089 1251 5149 unands-

267 5154 271 5245 ἶ
325 5152 403 5287 haubi
424 5157 509 5273 ἔριπ’
519 5146 691 5290 Αἶξιοὲὶῗςίεο
717 5153 744 5210 d.
770 5155 796 5209 5.
824 5152 908 5229 Νον,Ι
922 5154 1001 5243 15561..
1017 5206 1035 5217 ,,
1051 5156 1122 5234 Vid.
1141 5156 1248 5232 Scripta

264 5358 269 5371 ,
293 5296 340 5370 “)
356 5299 498 5372 delucrari

1310 169 1413 246 rra.
1436 168 1534 248 x1t
1590 167 1720 245 reso.
2142 155 2146 161 ’
2219 117 2322 243 ooo

1498 339 1553 411 D.
1580 333 1800 411 Iohanni
1823 335 2099 411 Matthesio

1310 490 1362 576 S.
1387 503 1435 575 D.
1496 500 1704 573 Reverendo
1730 516 1767 573 et
1792 499 1997 573 charissime
2028 506 2148 579 frater.
2211 507 2304 579 Cum

1309 599 1559 697 Noribergam
1595 605 1911 696 proficisceremur,
1946 607 2170 676 decreveram
2198 612 2241 678 ad
2272 628 2307 679 te

1310 709 1493 790 accedere,
1518 730 1593 774 non
1607 707 1723 775 solum
1736 721 1775 776 ut
1792 707 1890 776 domi
1910 720 1991 778 tuae
2007 709 2306 801 colloqueremur,

1311 810 1370 876 sed
1388 806 1493 895 etiam
1509 821 1550 876 ut
1568 823 1602 877 te
1620 808 1806 877 nobiscum
1823 812 1987 877 ducerem
2011 813 2055 878 ad
2076 811 2306 882 diiudicatio-

1312 1011 1361 1078 lio
1383 1021 1423 1105 ρῐ
1446 1010 1634 1080 autoritate
1658 1025 1718 1080 lua
1739 1014 1905 1102 prodesse
1921 1013 1998 1080 eius
2012 1014 2111 1082 urbis
2126 1010 2306 1085 Ecclesiae

1312 1124 1461 1204 poteras.
1513 1107 1562 1181 Et
1575 1112 1697 1181 luisset
1713 1107 1782 1182 hoc
1796 1113 1952 1183 offidum
1970 1127 2072 1205 tuum
2089 1132 2227 1204 gratum
2237 1118 2307 1209 Se-

1312 1211 1432 1296 natui,
1457 1222 1497 1281 ut
1517 1225 1637 1302 postea
1661 1213 1882 1284 affirmarunt
1904 1215 2085 1306 praecipui
2113 1233 2304 1289 senatores.

1312 1312 1384 1387 Sed
1405 1312 1595 1384 comitibus
1614 1315 1745 1385 nostris
1768 1310 1867 1385 incra
1891 1314 1929 1384 iu
1963 1315 2089 1386 itinere
2113 1317 2305 1391 videbatur

1295 1413 1473 1506 longior,
1504 1414 1616 1509 aliqui
1636 1415 1741 1505 etiam
1765 1415 1858 1485 fama
1882 1416 1951 1487 luis
1974 1417 2014 1487 in
2034 1417 2167 1488 vicinia
2190 1436 2308 1491 vestra

1313 1516 1601 1601 deterrebantur,
1631 1539 1678 1586 ne
1703 1519 1747 1586 ad
1769 1541 1809 1587 ea
1832 1518 1909 1588 loca
1932 1520 2149 1594 accederent.
2207 1519 2306 1592 Duxi

1313 1632 1430 1688 autem
1446 1617 1630 1687 nobiscum
1646 1618 1763 1688 virum
1781 1621 1925 1690 doctum
1950 1632 1986 1690 et
2003 1621 2215 1711 prudentem
2232 1618 2301 1691 Io·

1314 1717 1440 1789 cobum
1455 1711 1651 1812 Rungium
1666 1712 1932 1805 Pomcranum,
1952 1734 2127 1812 pastorem
2143 1736 2178 1792 et
2193 1725 2305 1794 lecto-

1313 1842 1388 1890 rem
1415 1813 1778 1912 Gripsvvoldensem,
1814 1820 1877 1915 qui
1900 1823 1945 1890 ad
1970 1845 2036 1892 nos
2057 1847 2076 1892 a
2101 1823 2203 1893 Duce
2225 1817 2306 1894 Po-

1314 1917 1501 2003 meroniae
1518 1936 1661 2013 propter
1676 1926 1814 1992 easdem
1837 1923 2091 1994 controversias
2113 1925 2151 1994 in
2169 1918 2305 1994 Pome-

1316 2019 1428 2092 νηπία
1448 2037 1581 2107 motas,
1612 2024 1740 2093 missus
1763 2039 1849 2097 erat.
1906 2021 1941 2093 Is
1964 2025 2115 2095 maxime
2136 2049 2303 2116 congres-

1314 2136 1509 2194 sumtuum
1528 2125 1684 2213 optabat.
1734 2121 1924 2196 Doluimus
1939 2125 2048 2214 igitur
2071 2150 2137 2196 nos
2157 2126 2226 2197 alia
2245 2131 2306 2198 via

1314 2224 1414 2310 duci,
1465 2227 1526 2294 sed
1560 2220 1628 2296 hoc
1659 2226 1925 2298 incommodum
1947 2227 2076 2297 ¹literis
2101 2228 2305 2304 sarciamus.

1314 2325 1449 2418 Scripsi
1469 2328 1642 2419 quaedam
1665 2328 1709 2397 de
1731 2350 1870 2398 summa
1903 2329 2182 2414 controversiae,
2212 2353 2304 2422 quae

1313 2429 1384 2495 iam
1402 2422 1461 2496 hic
1480 2430 1648 2512 edentur,
1673 2452 1764 2521 quae
1784 2442 1869 2499 sunt
1893 2429 2055 2499 omniurn
2076 2455 2166 2523 quae
2180 2425 2301 2502 Nori-

1313 2524 1443 2622 bergoe
1462 2530 1590 2600 docent
1611 2529 1862 2619 suffragatione
1882 2531 2130 2621 comprobata,
2163 2547 2302 2623 praeter

1313 2633 1403 2700 duos
1418 2631 1479 2724 qui
1499 2631 1733 2701 ministerium
1750 2627 1940 2722 Evangelii
1960 2631 2055 2702 ultro
2079 2633 2303 2719 abdicarunt,

1312 2756 1466 2824 quorum
1490 2731 1634 2802 alterius
1657 2745 1754 2805 tanta
1775 2746 1826 2803 est
1848 2732 1987 2802 inscitia
2011 2745 2045 2802 et
2069 2733 2302 2826 impudentia,

1313 2845 1352 2902 ut
1368 2832 1499 2903 diceret
1514 2830 1697 2905 Christum
1716 2857 1780 2924 per
1791 2831 1968 2904 Accidens
1982 2834 2181 2910 iustificare.
2203 2882 2213 2903 .
2230 2833 2301 2906 Hic

1313 2958 1394 3003 cum
1432 2929 1700 3026 Philosophiam
1743 2959 1926 3028 nunquam
1969 2914 2166 3022 didicisset,
2217 2938 2302 3006 inde

1312 3029 1479 3125 phrasin,
1512 3058 1617 3127 qnam
1644 3059 1718 3104 non
1751 3036 1937 3126 intelligit,
1970 3037 2130 3126 sumpsit.
2187 3037 2301 3130 Spero

1311 3149 1428 3206 autern
1453 3151 1558 3205 nuuc·
1570 3160 1678 3206 unam
1704 3148 1737 3206 et
1754 3139 1900 3206 eandem
1916 3136 2010 3228 piam
2027 3137 2209 3210 doctrinae
2234 3164 2300 3207 vo-

1311 3259 1386 3305 cem
1403 3258 1495 3320 esse,
1520 3239 1681 3306 omnium
1699 3237 1759 3330 qui
1774 3232 2007 3332 Noribcrgoe
2021 3240 2157 3312 docent.
2198 3238 2298 3310 Scri-

1312 3350 1371 3427 pta
1388 3350 1508 3408 nostra
1524 3339 1591 3407 tibi
1605 3339 1755 3409 mittam.
1804 3339 1978 3410 Fortassis
1993 3335 2049 3409 hie
2062 3342 2184 3409 eadem
2199 3341 2244 3409 de
2259 3364 2301 3410 re

1311 3451 1346 3507 et
1370 3431 1632 3509 Pomeranicoe
1654 3439 1792 3534 Synodi
1820 3459 1896 3512 acta
1918 3442 2077 3513 edentur.
2138 3437 2299 3527 Vagatur

1310 3538 1441 3629 opinor
1452 3530 1642 3611 Osiandri
1652 3543 1967 3636 spectruquuod
1979 3542 2020 3610 in
2036 3553 2089 3612 tot
2112 3541 2196 3611 locis
2216 3554 2299 3612 tur·

1310 3640 1369 3710 bat
1388 3632 1573 3712 Ecclesias.
1625 3641 1695 3713 Sed
1715 3664 1902 3732 precemur
1923 3641 2056 3713 Filium
2073 3640 2142 3711 Dei
2163 3653 2204 3713 ut
2229 3668 2298 3713 nos

1311 3743 1498 3831 gubernet.
1563 3730 1832 3838 ffleronymum
1861 3743 1999 3815 exulem
2014 3737 2051 3838 *)
2077 3743 2206 3815 iterum
2229 3744 2299 3816 tibi

1311 3847 1544 3928 commendo,
1572 3870 1676 3938 quem
1699 3859 1817 3916 lamen
1840 3869 1915 3915 uon
1937 3844 2063 3916 dubito
2097 3846 2163 3916 tibi
2192 3868 2298 3917 curae

1310 3966 1394 4018 esse.
1433 3944 1542 4016 Mitto
1558 3948 1625 4017 tibi
1640 3947 1836 4037 exemplum
1853 3946 2088 4017 absolutionis
2108 3970 2224 4038 nuper
2237 3941 2297 4017 hic

1308 4047 1435 4131 factae,
1470 4071 1550 4118 narn
1574 4073 1671 4118 nunc
1695 4049 1783 4119 alios
1806 4047 1919 4119 libros
1940 4047 2077 4119 mittere
2090 4072 2165 4117 non
2180 4049 2292 4138 potui.

1309 4138 1744 4244 Casparo,.etC0nsuli,
1771 4163 1804 4219 et
1828 4148 1930 4220 vobis
1955 4149 2124 4220 omnibus
2144 4150 2296 4219 salutem

1308 4263 1403 4339 opto.
1454 4248 1567 4320 Filius
1584 4250 1650 4320 Dei
1673 4250 1849 4321 Dominus
1873 4262 1996 4322 noster
2020 4249 2116 4320 lesus
2130 4244 2298 4321 Christus

1307 4363 1420 4420 servet
1436 4365 1469 4420 et
1486 4365 1643 4441 protegat
1666 4367 1717 4431 te,
1744 4364 1777 4421 et
1801 4366 1899 4423 tuam
1916 4348 2110 4422 Ecclesiam
2124 4353 2297 4421 domesti-

1307 4477 1381 4522 cam
1400 4466 1432 4523 et
1451 4452 1638 4543 publicam.
1688 4451 1756 4522 Die
1768 4450 1805 4528 5.
1822 4451 2049 4538 Novembris,
2071 4478 2143 4547 quo
2166 4453 2297 4523 scribi-

1279 4592 1283 4653 ,
1307 4572 1365 4624 tur
1389 4554 1610 4624 interiectum
1633 4579 1707 4625 esse
1733 4546 1966 4652 Zachariam
1991 4569 2124 4646 patrem
2144 4548 2296 4623 Iohan-

1306 4655 1365 4722 nis
1387 4650 1595 4749 Baptistae.
1647 4655 1787 4726 Horum
1815 4657 2055 4750 exemplorum
2082 4656 2296 4747 cogitatione

1304 4780 1368 4825 nos
1391 4760 1745 4828 commonefaciamus
1770 4758 1815 4828 de
1835 4756 2019 4829 voluntate
2033 4754 2104 4827 Dei
2126 4757 2166 4825 in
2187 4782 2296 4826 aecu-

1304 4859 1398 4931 mnis
1412 4852 1613 4943 Ecclesiae,
1628 4873 1663 4929 'et
1677 4862 1723 4935 de
1736 4860 2159 4936 conscensolationibus.
2192 4857 2294 4927 Beue

1302 4958 1547 5042 valo,‹Mense
1559 4961 1756 5035 Novembri
1769 4948 2066 5056 reunion-quod
2082 4959 2297 5049 simpliciter

1331 5216 1358 5288 ⁸)
1376 5216 1573 5304 Hieronymum
1593 5222 1702 5288 Steiger
1735 5228 1815 5275 autes
1832 5217 1975 5281 Pastorem
1993 5217 2024 5271 in
2038 5214 2294 5278 Schlsclreuwerth.

1278 5316 1281 5325 ·
1368 5284 1429 5342 Vid.
1444 5299 1523 5358 eprsl.
1535 5290 1569 5343 ad
1585 5287 1680 5344 Seuet.
1697 5257 1816 5359 i'orgsv.
1829 5284 1859 5348 tl.
1870 5289 1897 5346 9.
1907 5286 1981 5344 Nor.
1998 5287 2075 5344 1555.
