4776 6024
172 242 221 313 61

172 403 390 502 propheticis
405 417 440 474 ct
456 397 660 492 apostolicis
674 399 776 469 libris
790 395 918 488 scripta
939 408 990 465 est
1006 416 1168 464 sermone

174 512 319 594 usitato,
343 528 481 577 sonans
501 515 592 571 recte
614 498 843 593 loquentibus
868 499 905 565 in
931 496 1062 586 linguis
1084 519 1168 587 pro-

176 608 365 705 phetarum
382 620 418 676 et
434 603 690 696 apostolorum,
716 601 778 694 qui
796 613 889 670 recte
906 598 1096 667 voluerunt
1111 598 1169 663 in-

176 711 300 801 telligi.
341 706 543 779 Retinenda
560 715 611 772 est
624 702 734 789 igitur
751 700 869 773 nativa
892 701 983 768 ratio
999 695 1171 767 sermonis

174 815 275 883 iuxta
308 805 456 900 phrasin
485 807 624 875 illarum
654 803 874 892 linguarum,
908 825 970 869 nec
998 800 1169 868 transfor-

176 914 334 982 mandus
356 922 407 978 est
433 911 469 976 in
495 905 680 994 allegorias
703 927 818 975 sermo
848 902 934 990 legis
963 900 1107 968 moralis
1137 910 1169 966 et

179 1011 453 1106 promissionum
476 1008 607 1097 gratiae
627 1020 662 1074 ει
684 1006 914 1075 articulorum
931 1003 1010 1070 fidei
1027 1002 1063 1068 in
1083 1000 1169 1071 scri·

180 1115 254 1206 ptis
273 1108 481 1205 propheticis
504 1124 537 1178 et
567 1108 769 1197 apostolicis
794 1132 834 1174 ac
858 1103 1037 1198 symbolis.
1094 1097 1170 1169 Cur

149 1277 150 1280 ,
182 1230 299 1284 autem
316 1214 397 1282 dicit
413 1204 655 1302 Epiphanius,
683 1232 772 1300 opus
790 1232 862 1276 esse
879 1203 1118 1296 speculatione
1135 1213 1169 1270 et

183 1315 310 1385 sensu?
364 1310 473 1381 Plana
508 1309 692 1401 responsio
729 1323 790 1381 est.
850 1306 981 1377 Sensus
1016 1304 1170 1373 declarat

182 1417 319 1506 singula
348 1412 538 1496 vocabula,
570 1426 607 1481 et
631 1408 845 1503 experientia
877 1406 1049 1489 ostendit,
1082 1404 1167 1496 quid

182 1518 349 1606 significat
369 1515 460 1597 vita,
485 1536 598 1597 mors,
630 1513 757 1596 timor,
782 1513 887 1594 fides,
914 1506 1035 1589 dolor,
1068 1504 1169 1573 faeti-

179 1619 235 1687 tia.
287 1614 520 1684 Manifestum
546 1626 597 1681 est
618 1613 742 1703 igitur,
770 1635 872 1681 sensu
898 1621 931 1678 et
953 1606 1167 1699 experientia

177 1740 265 1809 opus
282 1738 356 1786 esse
371 1719 415 1785 ad
439 1715 667 1801 intelligenda
685 1715 869 1785 vocabula.
920 1708 991 1778 Nec
1012 1707 1169 1796 gignitur

176 1843 281 1890 sensu
303 1816 490 1907 peregrina
511 1816 700 1898 sententia,
733 1817 792 1882 sed
813 1811 1014 1903 agnoscitur
1036 1807 1168 1878 nativa.

177 1916 471 2018 Speculationem
481 1918 641 1986 nominat
653 1917 872 1986 dialecticum
883 1913 1044 1983 ordinem
1059 1933 1169 1976 mem-

176 2025 345 2102 brorum,
381 2020 625 2098 definitiones,
659 2019 872 2099 divisiones,
912 2011 1169 2091 distinctiones,

178 2123 350 2194 iudicium
374 2123 418 2190 de
442 2121 712 2213 consequentiis.
771 2117 868 2187 llaec
890 2118 995 2184 etiam
1023 2136 1094 2179 non
1115 2110 1169 2198 gi-

179 2237 293 2315 gnunt
309 2223 513 2314 peregrinas
527 2221 734 2302 sententias,
760 2222 819 2288 sed
837 2219 973 2291 nativas
994 2227 1086 2282 recte
1110 2235 1169 2278 or-

179 2312 321 2397 dinant.
370 2321 449 2391 liae
469 2322 547 2391 viae
569 2345 645 2391 non
666 2335 806 2392 mutant
826 2322 974 2411 scripta,
1000 2315 1060 2384 sed
1083 2313 1169 2381 illu-

185 2437 301 2495 strant
315 2445 438 2491 eorum
448 2423 645 2492 lectionem.
907 2513 978 2591 Ph
1001 2513 1043 2585 Μ

184 2743 284 2756 ...cn-—
615 2737 705 2750 utun-›—
715 2738 821 2751 mun-o«.

986 2906 1028 2946 sn.
1047 2880 1170 2945 Msrtio.

991 2972 1162 3003 m

191 2884 262 2957 No.
275 2879 391 2955 5862.

184 2982 400 3042 m
532 3059 589 3146 tt
617 3059 814 3147 Ednero.

249 3241 371 3314 Epistola
389 3237 534 3311 praemissa
553 3237 643 3292 libro:
662 3236 768 3292 Claudii
781 3236 934 3291 Ptolemaei
949 3237 983 3290 de
1002 3237 1166 3319 pcaeclictio·

281 3312 363 3365 nibus
377 3305 647 3391 metonymiameut
663 3307 772 3386 titulum
784 3307 908 3360 fecerunt
921 3304 1170 3387 Quadripertstum,

281 3373 1171 3570 bi'sii‘fgi.ii'gty'ssiiiddapii'ii⁹ii¹iifi¹iii¹iiisiibiiit

283 3524 360 3572 nass.
411 3556 420 3573 .
439 3533 466 3586 p.

183 3667 409 3744 Clarissimo
426 3667 530 3754 Viro,
555 3666 741 3763 sapientia
757 3675 790 3736 et
807 3667 936 3737 virtute
948 3663 1169 3762 praestanti,

185 3771 388 3842 Erasmo
417 3768 623 3854 Ednero,
663 3767 840 3840 Senators'
872 3767 1031 3863 inclytae
1066 3766 1169 3838 urbis

502 3866 733 3964 Norihergae
748 3870 784 3944 S.
800 3869 845 3944 D.

186 4008 432 4106 certissimum
455 4035 523 4100 est,
547 4020 771 4110 sapientiam,
797 4019 1015 4090 intellectum
1037 4043 1168 4090 nume·

186 4146 330 4202 rorum,
366 4122 519 4201 ordinis,
553 4122 740 4189 discrimen
767 4114 998 4189 honestorum
1027 4134 1060 4190 et
1089 4121 1169 4192 ¹tur-

184 4227 306 4321 pium,
330 4247 446 4292 rerum
464 4222 658 4293 salubrium
681 4235 718 4290 et
736 4222 991 4306 insalubrium,
1017 4223 1167 4292 illustria

182 4323 388 4397 testimonia
408 4345 479 4393 esse
499 4326 543 4405 de
565 4325 631 4391 deo
648 4324 741 4392 etde
761 4320 997 4412 providentia.
1049 4322 1169 4410 Quare

181 4426 356 4496 amandae
382 4437 464 4492 sunt
488 4437 577 4493 artes
602 4448 674 4492 non
695 4423 810 4492 solum
830 4420 975 4514 propter
990 4424 1168 4507 utilitates,

181 4549 269 4620 quss
295 4526 390 4599 vitae
417 4521 599 4599 huminum
627 4525 814 4604 adfecisset,
854 4527 920 4594 sed
946 4524 1050 4594 etiarn
1078 4519 1168 4593 hanc

155 4654 161 4663 ·
184 4629 296 4718 ipsam
320 4649 477 4708 causam,
510 4625 594 4719 quia
616 4638 650 4697 et
676 4648 754 4695 esse
777 4626 882 4695 (tecm
908 4638 1099 4702 testantur,
1134 4640 1168 4694 et

186 4726 394 4805 ostendunt,
426 4726 542 4818 qualis
568 4725 633 4825 sit,
670 4725 833 4794 videlicet
861 4727 1019 4817 sapiens,
1053 4750 1168 4811 verax,

183 4826 382 4910 beneficus,
407 4841 539 4911 castus,
563 4824 692 4897 vindex
712 4828 901 4911 scelerum,
926 4842 1082 4897 servator
1099 4821 1166 4895 bu-

184 4928 310 4997 manae
350 4939 494 4997 naturae
533 4938 567 4995 ct
607 4943 722 4996 custos
767 4926 941 5015 legitimae
979 4926 1165 5000 societatis.

184 5026 304 5117 Quare
329 5041 364 5101 et
386 5023 488 5097 Plato
513 5026 712 5098 dulcissime
736 5026 844 5112 dixit,
875 5044 1008 5117 grauem
1030 5028 1075 5097 de
1099 5028 1165 5097 deo

183 5130 312 5199 famam
335 5129 374 5198 in
389 5126 528 5199 artibus
543 5149 697 5220 sparsam
725 5149 809 5198 esse.
860 5125 909 5199 Ut
934 5142 1051 5197 autem
1075 5140 1165 5196 artes

182 5229 395 5300 monstravit
415 5230 503 5298 deus
528 5223 682 5298 humano
704 5225 841 5316 generi,
865 5227 914 5296 its
937 5248 998 5295 sua
1014 5250 1080 5314 ope
1095 5226 1165 5294 mi-

752 218 1191 317 ¹llPlSTOLdeJld
1242 215 1465 296 mnxtt.
1518 215 1649 297 1655.

2165 230 2214 303 62

1224 387 1454 477 imperiorum
1487 376 1748 480 extinguantur.
1808 394 1945 469 Habuit
1969 411 2121 468 vetustas
2144 401 2209 470 do·

1222 489 1373 558 ctrinam
1390 491 1435 558 de
1451 489 1608 559 motibus
1630 494 1830 581 stellarum,
1856 495 1949 569 haud
1966 501 2074 570 dubie
2090 500 2210 570 erudi-

1221 589 1357 660 tissime
1380 602 1571 660 extructam
1602 616 1643 661 ex
1666 598 1921 689 antiquissimis
1952 601 2210 671 observationi·

1221 693 1300 774 bus,
1328 687 1452 759 habuit
1466 707 1626 762 accurate
1642 695 1850 786 descriptam
1867 703 1992 770 seriem
2008 717 2208 793 temporum

1221 807 1256 863 et
1272 805 1431 862 veterum
1448 791 1690 882 imperiorum.
1741 794 1833 868 Cum
1852 815 1966 869 autem
1993 804 2030 872 in
2048 803 2207 896 Aegypto

1221 892 1427 963 Saracenica
1449 894 1629 965 barbaries
1646 909 1677 964 et
1702 901 1914 968 academiam
1931 900 2207 973 Alexandrinam

1222 1008 1255 1063 et
1289 993 1404 1063 studia
1428 993 1575 1079 delevit,
1609 1010 1725 1067 vetera
1758 1017 1986 1072 monumenta
2017 1005 2206 1092 perierunt.

1220 1090 1267 1163 Et
1286 1107 1357 1162 tota
1376 1094 1536 1163 doctrina
1559 1098 1602 1164 de
1620 1099 1775 1168 motibus
1796 1102 1981 1174 interitura
2002 1117 2092 1189 erat,
2117 1129 2206 1197 quae

1220 1208 1305 1263 tunc
1327 1195 1483 1286 dispersa
1498 1195 1565 1264 fuit
1585 1197 1624 1265 in
1645 1199 1777 1270 multos
1803 1218 1837 1273 et
1851 1206 1965 1274 varios
1983 1203 2111 1289 libros,
2137 1204 2207 1273 nisi

1221 1294 1326 1386 paulo
1353 1309 1435 1365 ante
1457 1294 1682 1366 Saracenicos
1708 1315 1823 1372 motus
1845 1303 2066 1375 Ptolemaeus
2096 1319 2205 1376 totam

1220 1410 1329 1464 artent
1347 1396 1385 1463 in
1399 1420 1510 1464 unum
1530 1397 1697 1470 volumen
1713 1407 1951 1479 contraxisset.
1999 1405 2105 1476 Hunc
2120 1407 2206 1474 arti-

1219 1496 1318 1564 ficem
1342 1499 1428 1565 deus
1445 1498 1670 1585 excitaverat,
1697 1516 1736 1570 ut
1760 1520 1868 1573 artem
1889 1509 2079 1597 dispersam
2104 1507 2206 1576 colli-

1220 1610 1325 1686 geret.
1376 1595 1464 1665 Nam
1487 1622 1598 1667 unum
1618 1602 1784 1671 volumen
1805 1621 1838 1676 et
1862 1607 1949 1698 eripi
1973 1602 2205 1679 bibliotheca-

1221 1722 1299 1766 rum
1316 1697 1492 1766 inccndiis
1510 1713 1544 1769 et
1564 1700 1784 1791 privatorum
1809 1708 1936 1776 studiis
1956 1723 1991 1779 ct
2008 1710 2205 1800 sumptibus

1220 1797 1371 1867 describi
1396 1800 1510 1888 potuit
1534 1813 1568 1868 ει
1591 1805 1782 1873 transmitti
1805 1811 1850 1876 ad
1872 1824 2040 1898 posteros.
2092 1809 2205 1879 Totae

1220 1923 1303 1967 vero
1321 1895 1555 1968 bibliothecae
1566 1905 1696 1971 servari
1711 1900 1777 1973 hoc
1790 1910 1894 1978 modo
1912 1934 1984 1978 non
2001 1922 2204 2000 potuerunt.

1220 1995 1462 2087 Agnoscamus
1480 2001 1588 2087 igitur
1604 2004 1661 2070 dei
1678 2006 1906 2092 beneficium,
1926 2025 1960 2079 et
1975 2011 2203 2092 celebremus,

1220 2102 1315 2192 quod
1333 2114 1366 2169 et
1389 2105 1597 2173 monstravit
1612 2107 1809 2175 doctrinam
1825 2125 1858 2178 et
1881 2126 2073 2184 conservat.
2124 2110 2204 2181 Me·

1222 2202 1332 2269 moria
1351 2201 1453 2269 etiam
1473 2201 1663 2273 Ptolemaei
1684 2208 1917 2295 delectemur,
1939 2214 2037 2282 cuius
2051 2227 2205 2281 mentem

1221 2303 1307 2371 deus
1329 2303 1372 2370 ad
1397 2298 1492 2371 hunc
1516 2305 1743 2376 utilissimum
1767 2309 1922 2380 laborem
1944 2314 2204 2405 suscipiendum

1222 2403 1436 2475 exuscitavit.
1490 2402 1720 2476 Manifestum
1737 2424 1787 2478 est
1805 2412 1916 2496 enim,
1947 2439 2066 2482 veram
2084 2430 2116 2483 et
2133 2414 2204 2482 uti-

1221 2505 1290 2572 lem
1307 2527 1380 2572 esse
1394 2505 1591 2574 doctrinam
1608 2510 1651 2574 de
1666 2510 1837 2594 motibus,
1865 2528 1899 2581 et
1916 2538 2079 2602 magnum
2097 2517 2204 2584 decus

1221 2628 1294 2674 esse
1313 2601 1514 2691 hominum,
1540 2621 1703 2677 ettotam
1729 2603 1820 2678 hanc
1838 2613 2044 2700 sapientiam
2067 2613 2204 2685 illustre

1221 2709 1265 2775 de
1289 2708 1354 2773 deo
1382 2704 1621 2776 testimonium
1649 2732 1731 2782 esse.
1765 2707 1887 2780 *ldens
1912 2729 2015 2784 autor
2038 2715 2204 2808 reliquias

1220 2807 1347 2876 veteris
1371 2807 1551 2876 doctrinae
1573 2809 1812 2896 divinatricis,
1844 2838 1934 2905 quae
1965 2841 2005 2884 ex
2029 2829 2203 2887 astrorum

1223 2908 1338 3000 positu
1354 2922 1626 2999 temperamenta
1644 2926 1677 2981 et
1698 2927 1816 2983 motus
1830 2915 1968 3008 aliquos
1988 2917 2139 3003 iudicat,
2165 2919 2203 2987 in

1221 3034 1330 3102 parvo
1347 3010 1527 3080 volumine
1541 3012 1690 3102 collegit,
1715 3019 1809 3109 quod
1828 3011 1918 3087 hanc
1933 3018 2044 3109 ipsam
2060 3020 2107 3089 ob
2122 3046 2204 3089 cass-

1221 3135 1295 3181 sam
1312 3125 1428 3181 estare
1442 3125 1476 3181 et
1488 3136 1694 3185 conservare
1710 3119 1798 3186 utile
1816 3133 1886 3203 εει,
1913 3132 1968 3204 ιιι,
1995 3144 2083 3213 quae
2097 3122 2203 3192 fuerit

1222 3225 1321 3282 vetus
1344 3213 1503 3282 doctrina
1531 3214 1569 3286 in
1597 3210 1664 3285 hoc
1688 3240 1831 3306 genere,
1861 3222 2016 3312 conspici
2039 3222 2148 3312 possit
2171 3237 2206 3294 et

1221 3337 1326 3406 quam
1343 3317 1589 3385 verecundeex
1604 3318 1717 3407 causis
1734 3314 1884 3413 physicis
1897 3322 2080 3413 plerasque
2095 3323 2205 3411 signi-

1221 3413 1400 3483 ficationes
1425 3416 1665 3488 ratiocinetur.
1723 3418 1802 3489 Etsi
1824 3422 1918 3491 enim
1943 3418 2009 3490 hoc
2030 3422 2107 3491 loco
2130 3449 2208 3493 non

1221 3515 1405 3585 instituam
1443 3517 1716 3610 disputationem
1756 3523 1800 3589 de
1842 3522 1978 3592 viribus
2017 3536 2205 3609 astrorum,

1220 3615 1425 3707 praesertim
1440 3640 1520 3685 cum
1534 3615 1754 3687 Ptolemaeus
1770 3621 1843 3712 ipse
1860 3625 1896 3691 in
1913 3619 2020 3693 huius
2036 3625 2119 3695 libri
2134 3626 2204 3694 ini-

1221 3717 1270 3786 tio
1290 3715 1419 3785 refutet
1438 3716 1634 3809 cyclopieos
1655 3741 1848 3806 sermones,
1874 3725 2003 3814 quibus
2024 3720 2109 3793 haec
2130 3740 2203 3796 tota

1220 3815 1381 3887 doctrina
1412 3817 1570 3890 furenter
1601 3819 1798 3891 deridetur:
1837 3837 1956 3891 tamen
1990 3825 2203 3913 experientia

1220 3918 1405 3988 manifesto
1430 3920 1602 4000 ostendit,
1629 3922 1783 4015 aliquam
1805 3946 1878 3992 esse
1899 3923 1970 3990 vim
1995 3924 2141 3994 luminis
2166 3926 2204 3996 io

1221 4020 1417 4089 mutatione
1431 4021 1524 4090 a'c'ris
1540 4022 1627 4091 etin
1644 4047 1832 4113 corporum
1847 4037 2049 4094 nostrorum
2070 4038 2204 4119 tempe-

1221 4123 1399 4194 ramentis.
1450 4117 1498 4193 Et
1513 4117 1598 4191 haec
1617 4122 1748 4192 multae
1768 4124 2016 4195 inclinationes
2038 4127 2075 4194 in
2095 4130 2203 4197 mori-

1221 4224 1287 4291 bus
1320 4237 1529 4313 sequuntur.
1578 4220 1811 4315 ⁴Quamquam
1845 4226 1955 4315 igitur
1985 4252 2049 4296 nec
2081 4254 2203 4300 onmes

1220 4335 1365 4392 eventus
1388 4335 1599 4410 regnatura
1621 4329 1924 4416 temperamentis,
1943 4354 2008 4397 nec
2030 4331 2204 4417 significa-

1218 4423 1333 4492 tiones
1354 4446 1476 4491 omnes
1494 4436 1604 4493 notae
1624 4439 1725 4510 sunt,
1752 4440 1869 4497 tamen
1893 4431 2204 4524 quantulacunque

1220 4519 1305 4591 haser
1320 4545 1399 4613 pars
1414 4536 1484 4607 est,
1510 4548 1601 4616 quae
1613 4524 1885 4613 significationes
1898 4555 1938 4597 ex
1953 4526 2106 4622 physicis
2121 4557 2203 4603 cau-

1219 4624 1266 4691 sis
1289 4623 1536 4707 ratiocinatur,
1569 4625 1661 4695 vitae
1687 4629 1787 4698 utilis
1810 4643 1861 4699 est
1883 4631 1921 4697 in
1943 4632 2064 4700 multis
2087 4635 2203 4708 rebus.

1220 4723 1329 4795 Multi
1352 4726 1468 4794 morbi
1488 4725 1672 4816 diligentia
1694 4730 1800 4798 vitari
1821 4744 1882 4799 aut
1910 4732 2013 4799 leniri
2040 4749 2204 4821 possunt,

1217 4825 1247 4894 si
1262 4825 1341 4918 quis
1356 4827 1512 4916 corporis
1528 4840 1841 4919 temperamentum
1854 4845 1945 4898 recte
1956 4833 2091 4922 aspicit.
2116 4832 2203 4905 Pus-

1217 4939 1301 4994 stant
1324 4939 1358 4996 et
1380 4942 1525 4998 eventus
1547 4929 1658 5016 magis
1681 4931 1809 5017 placidi
1831 4930 1950 5020 sequi,
1975 4932 2003 5003 si
2019 4935 2099 5027 quis
2115 4958 2205 5020 pro-

1215 5026 1367 5116 spiciens
1386 5028 1538 5118 pericula
1558 5051 1679 5095 coecos
1698 5028 1849 5117 impetus
1867 5032 2046 5119 reprimat.
2095 5032 2204 5103 Natta

1215 5127 1385 5214 plantula,
1408 5148 1610 5218 quanquam
1625 5140 1752 5213 spreta,
1771 5141 1901 5198 temere
1914 5134 2081 5215 nascitur,
2103 5133 2203 5207 nulla

1215 5246 1288 5291 non
1305 5227 1348 5290 ad
1365 5239 1476 5295 certos
1491 5236 1525 5292 et
1539 5244 1685 5310 magnos
1700 5249 1784 5296 usus
1800 5230 1923 5301 divino
1939 5232 2086 5301 consilio
2104 5234 2205 5302 ordi-

181 5331 344 5402 rabiliter
359 5352 418 5403 ess
432 5344 634 5412 conservat,
658 5353 704 5399 ne
720 5328 760 5398 in
773 5326 881 5399 tantis
895 5325 1165 5397 eonfusiussilms
1213 5335 1296 5392 nata
1318 5333 1394 5406 est,
1408 5346 1454 5394 ac
1472 5322 1668 5394 saevissimi
1691 5330 1809 5401 morbi
1830 5355 1897 5423 ope
1922 5330 2123 5419 ardgarium
2146 5358 2204 5405 re.
