4776 6024
254 275 331 353 855
560 217 566 228 ⁹
683 374 686 379 Ι
838 274 1273 361 ttr'tsTouonunt
1334 278 1710 361 Ltss.xtt1654.
2204 287 2288 365 866

360 443 414 517 Ac
446 448 511 519 scit
536 444 733 521 Matthias
766 475 867 542 saepe
900 475 965 525 nos
998 457 1099 522 valde
1127 476 1242 521 orasse
1293 464 1440 542 propter
1455 450 1703 521 Mediatorem.
1754 449 1857 520 Hanc
1877 474 1953 520 esse
1972 454 2174 525 doctrinam
2196 459 2284 529 sim·

261 550 395 638 ipsum,
429 564 469 619 ut
492 575 528 620 se
544 555 587 621 ad
604 578 814 623 consensum
830 551 1067 624 Ecclesiarum
1083 558 1121 625 in
1137 549 1242 623 Pao-
1297 553 1434 643 plicem·
1452 566 1486 621 et
1511 554 1774 642 incorruptam,
1810 554 1978 622 traditam
2001 556 2040 622 in
2063 553 2287 649 Propheticis

262 647 377 716 aonia
396 653 620 741 adiungeret,
643 658 703 723 sed
722 669 846 725 natura
862 669 913 722 est
928 658 1034 724 arianis
1049 681 1171 724 ainans
1187 682 1244 724 ar·
1296 667 1329 721 et
1345 650 1554 745 Apostolilis
1569 654 1708 745 scriptis
1722 654 1946 723 rnanifestum
1961 665 2034 741 est,
2057 669 2099 728 ut
2114 652 2288 730 in'Psal-

260 750 449 839 gutiarum.
507 752 563 825 Eo
579 750 605 850 ¹)
638 757 717 845 plus
745 755 892 845 periculi
919 773 970 825 est
997 758 1246 841 iudicantibus,
1296 779 1356 823 mo
1379 750 1526 823 dicitnr:
1567 750 1723 825 Salvum
1745 778 1800 824 me
1821 752 1894 853 fac
1909 764 2059 851 propter
2079 756 2289 833 misericor-

261 850 344 943 quia
371 847 534 923 homines
562 857 677 945 arguti
699 858 774 927 sine
799 859 868 925 hue
890 872 1066 948 quaerunt
1087 859 1247 947 disputa·
1298 850 1400 924 diam
1427 862 1540 925 tuam.
1592 852 1638 923 Et
1654 851 1803 925 Daniel
1816 857 1951 948 inquit:
1974 853 2066 931 Nou
2081 857 2121 929 ia
2137 860 2288 941 iustitia

262 950 400 1020 tionum
423 958 639 1046 praestigias.
690 957 759 1027 Sed
783 957 932 1045 simplici
952 959 1152 1027 etcandido
1169 960 1247 1027 ani·
1298 966 1446 1041 nostra,
1469 950 1537 1023 sed
1554 953 1594 1024 ia
1609 952 1861 1026 misericordia
1878 966 1965 1040 tua,
1986 969 2136 1057 propter
2148 958 2288 1033 Domi-

262 1076 341 1133 mo,
369 1068 402 1124 et
419 1056 473 1144 pie
490 1059 758 1148 respondemus,
783 1056 941 1127 Probare
956 1083 1021 1127 nus
1035 1060 1246 1129 sententiam
1299 1083 1386 1125 nom
1408 1050 1550 1127 eraudi
1574 1080 1653 1131 aas.
1719 1052 1769 1129 Et
1789 1048 1935 1128 Paulus
1959 1058 2092 1154 iuquit:
2125 1058 2218 1134 Ideo
2240 1089 2287 1136 ex

262 1146 512 1249 Bartpheosis
531 1154 559 1252 ²)
582 1156 779 1242 Ecclesiae,
819 1183 908 1252 quae
933 1159 1062 1230 retinet
1089 1160 1247 1231 nativum
1286 1154 1368 1251 fide
1380 1159 1522 1250 gratis,
1547 1167 1586 1228 ut
1603 1156 1652 1226 sit
1662 1152 1783 1250 firma
1798 1158 2007 1254 promissio.
2058 1160 2155 1235 Haec
2171 1181 2210 1238 ut
2227 1169 2285 1236 in·

263 1255 480 1325 intellectum
509 1261 779 1350 propositionis,
810 1256 904 1343 Sola
922 1257 949 1351 ³)
964 1254 1046 1352 fide
1069 1254 1248 1352 iustificat·
1299 1261 1520 1348 telligantur,
1552 1283 1627 1328 reon
1649 1261 1784 1329 ociosos
1807 1262 2080 1351 speculationes,
2106 1268 2166 1335 sed
2185 1292 2286 1338 veros

265 1376 365 1439 mar,
391 1359 479 1427 sicut
493 1373 564 1429 tota
583 1356 788 1450 prophetica
807 1375 842 1431 et
858 1362 1059 1451 Apostolica
1076 1363 1248 1453 scriptura
1300 1385 1465 1452 pavores,
1499 1373 1533 1429 et
1554 1385 1672 1429 veram
1691 1362 1967 1431 consolationem
1986 1363 2023 1431 in
2042 1369 2287 1452 conversione,

267 1455 436 1538 affirmat,
472 1458 553 1529 Sola
578 1461 817 1530 misericordia
844 1474 987 1551 propter
1011 1462 1248 1532 lllediatorem
1300 1476 1332 1530 et
1359 1461 1565 1555 quotidiana
1588 1462 1812 1529 invocatione
1835 1463 2106 1540 consideremus.
2171 1466 2287 1539 Doce-

266 1555 394 1647 recipi,
429 1562 668 1643 reconciliari,
706 1577 741 1632 ct
772 1563 938 1631 vivificari
966 1562 1102 1651 Spiritu
1129 1579 1248 1633 sancto
1301 1588 1378 1631 mers
1395 1589 1467 1631 raon
1483 1561 1605 1631 inanes
1620 1557 1874 1659 tencotoyiac,
1902 1566 2097 1634 sedvocem
2115 1568 2287 1654 divinam,

151 1739 154 1745 Ι
266 1680 348 1725 vere
375 1661 572 1746 credentes,
595 1662 633 1731 id
652 1676 720 1743 est,
746 1664 872 1733 fiducia
891 1662 973 1732 Filii
992 1661 1056 1733 Dei
1078 1688 1150 1732 sese
1164 1689 1249 1732 coo·
1301 1679 1334 1732 et
1353 1688 1408 1731 res
1426 1664 1463 1731 in
1482 1662 1553 1731 vita
1569 1663 1719 1731 maxime
1742 1664 1970 1748 necessarias,
2002 1676 2037 1735 et
2058 1692 2147 1758 quae
2170 1694 2190 1738 a
2215 1672 2287 1760 piis

263 1757 434 1843 solantes3
460 1762 548 1830 sicut
565 1757 712 1832 Paulus
727 1763 861 1856 inquit,
880 1759 909 1831 Ι
908 1758 1085 1854 testificati
1086 1759 1167 1856 fide
1179 1787 1250 1860 pa-
1301 1766 1451 1853 intelligi
1469 1778 1626 1855 possunt.
1678 1763 1838 1835 Dicimus
1853 1790 1938 1836 voce
1951 1765 2071 1837 divina
2084 1770 2183 1856 argui
2200 1795 2284 1859 pec-

265 1876 337 1923 cem
360 1850 547 1932 habemas.
597 1858 675 1932 Etsi
696 1878 812 1933 autem
838 1860 923 1935 haec
946 1866 1248 1935 tidesseufiducia
1301 1879 1435 1946 cattam,
1477 1879 1510 1934 et
1545 1888 1668 1933 omnes
1701 1858 1863 1935 homines
1896 1866 2025 1936 debere
2055 1890 2284 1963 expavescere

264 1980 340 2026 non
364 1973 414 2028 est
436 1961 474 2029 in
496 1957 569 2044 his,
595 1965 657 2055 qni
681 1965 794 2034 securi
817 1981 1040 2054 perseverant
1058 1968 1094 2034 in
1110 1967 1250 2035 sceleri·
1300 1967 1481 2055 agnitione
1505 1967 1577 2033 irae
1593 1964 1677 2049 Dei,
1710 1978 1744 2035 et
1764 1981 2030 2058 expavescentes
2053 1969 2121 2038 fide
2141 1973 2184 2039 ad
2200 1970 2283 2040 Me-

266 2058 351 2142 hus,
377 2074 411 2129 et
427 2079 509 2131 sunt
524 2064 600 2133 sine
614 2067 845 2149 contritione,
869 2081 985 2136 tuanen
1003 2068 1190 2150 coeitritio,
1217 2081 1250 2137 et
1300 2070 1471 2137 (tiatorem
1496 2067 1701 2154 confregere:
1734 2063 1858 2159 anue
1874 2068 1942 2137 lide
1957 2068 2085 2158 gratis,
2109 2094 2184 2141 non
2200 2095 2284 2161 pro-

266 2182 360 2228 nova
380 2162 580 2233 ohedientia
604 2189 677 2236 non
694 2181 778 2236 sunt
796 2189 851 2236 res
866 2169 1082 2257 applicantes
1098 2170 1250 2258 promis-
1300 2183 1379 2256 pter
1400 2169 1660 2251 antecedentia,
1692 2180 1754 2237 aut
1775 2170 1958 2261 sequeutia
1974 2192 2082 2259 opera
2098 2173 2209 2263 accipi
2227 2197 2283 2242 re·

266 2259 402 2328 sionem
422 2266 570 2349 gratiae,
604 2269 743 2337 utdicit
757 2261 956 2336 Matthias
970 2262 1250 2352 Lauterwaldt,
1300 2269 1505 2336 missionem
1521 2278 1762 2359 peccatorum,
1793 2270 2115 2340 reconciliationem
2131 2284 2166 2343 et
2180 2273 2285 2345 iusti-

266 2373 301 2428 et
315 2361 397 2429 satis
410 2369 593 2433 commode
607 2371 791 2460 respondit
802 2362 1074 2440 Radaschinus
1087 2368 1138 2460 ⁴),
1164 2393 1249 2439 con·
1300 2370 1515 2453 ficationem,
1546 2392 1585 2438 ac
1611 2368 1781 2440 vivificari
1802 2372 1982 2441 credentes
1998 2382 2068 2465 'per
2087 2372 2205 2465 ipsum
2221 2372 2283 2444 Fi-

266 2460 447 2531 tritionem
491 2490 564 2534 esse
599 2470 768 2561 quiddam
801 2474 1012 2543 antecedens
1042 2471 1247 2541 necessario.
1299 2472 1388 2539 lium
1414 2468 1483 2540 Dei
1510 2468 1685 2540 dicentem
1711 2472 1995 2542 consolationeni
2015 2472 2055 2541 in
2085 2476 2211 2560 corde,
2249 2488 2284 2546 et

266 2557 429 2655 Cumque
454 2564 647 2657 interrogat
669 2564 882 2657 Matthias,
921 2586 1043 2642 utrum
1067 2574 1250 2644 antecedat
1300 2573 1509 2642 liberantem
1523 2595 1585 2639 cor
1599 2596 1641 2640 ex
1658 2571 1842 2641 doloribus
1858 2573 2075 2658 inferorum,
2099 2578 2184 2647 dato
2199 2574 2284 2666 Spi-

265 2674 307 2757 ut
331 2685 451 2746 causa,
485 2692 530 2735 an
547 2683 587 2738 ut
602 2672 776 2752 medium,
802 2673 1090 2765 Respondemus,
1116 2698 1247 2766 nequa·
1299 2675 1371 2741 ritu
1386 2687 1517 2755 sancto,
1534 2685 1639 2763 atque
1653 2672 1701 2740 ita
1716 2667 1876 2743 inchoari
1890 2698 2019 2744 novam
2029 2676 2283 2752 obedientiam.

265 2786 373 2855 quam
397 2772 601 2838 antecedere
621 2773 888 2859 contritionem,
914 2789 954 2843 ut
968 2798 1104 2844 causam
1122 2775 1248 2843 remis-
1299 2772 1396 2865 Haec
1415 2773 1557 2842 sicheri
1575 2774 1613 2840 in
1629 2794 1711 2840 vera
1728 2776 1958 2843 conversione
1972 2798 2098 2845 omnes
2108 2777 2162 2868 pii
2177 2800 2282 2868 expe-

266 2863 395 2944 sionis‚
430 2890 491 2936 seu
515 2871 698 2956 meritum,
730 2897 795 2943 nec
821 2889 861 2945 ut
886 2878 1041 2946 medium
1069 2876 1249 2966 applicans
1300 2875 1453 2946 riantur.
1511 2873 1700 2966 Nunquam
1722 2874 1809 2945 dicit
1828 2870 1981 2961 David,
2011 2898 2048 2946 se
2070 2872 2202 2948 habere
2224 2902 2283 2947 re·

267 2965 554 3054 promissionem,
580 2974 638 3039 sed
655 2974 743 3043 sicut
756 2974 897 3062 vulrtus,
924 2990 986 3045 aut
998 2977 1154 3045 vulneris
1168 3001 1248 3044 sen-
1299 2974 1502 3045 missionem
1526 2987 1747 3065 peccatorum
1761 2989 1916 3067 propter
1931 3001 1993 3048 sua
2009 2980 2102 3048 bona
2117 3001 2225 3069 opera
2243 2977 2281 3047 in

268 3084 327 3131 sus
348 3068 522 3139 antecedit
548 3073 774 3144 curationem.
826 3075 959 3146 Totum
988 3099 1096 3163 genus
1121 3072 1248 3145 herma·
1300 3077 1474 3164 praesenti
1495 3078 1585 3147 facta
1607 3075 1819 3165 partialiter,
1850 3078 1907 3147 vel
1927 3076 2093 3153 totaliter.
2142 3076 2282 3151 Remo-

267 3185 354 3231 num
371 3189 467 3234 reum
484 3185 535 3241 est
555 3166 751 3242 horrendae
765 3175 838 3245 irae
853 3175 939 3257 Dei,
966 3189 1000 3245 et
1013 3201 1117 3249 sensu
1133 3178 1247 3247 divini
1300 3200 1441 3246 veamus
1462 3172 1526 3245 hss
1548 3177 1783 3266 corruptelas,
1806 3202 1872 3246 uec
1889 3180 2045 3249 sinamus
2059 3203 2176 3251 reram
2194 3205 2282 3250 con·

266 3262 391 3334 iudicii
417 3292 479 3352 per
503 3273 736 3343 ministerium
755 3279 849 3346 vocis
865 3278 1006 3347 divinae
1024 3279 1203 3369 arguentis
1218 3276 1247 3373 ⁵)
1299 3277 1506 3345 solationem
1529 3277 1596 3367 piis
1620 3278 1800 3346 mentibus
1823 3280 1925 3368 eripi.
1974 3277 2015 3348 ln
2036 3279 2280 3350 rerisdolori·

265 3383 402 3453 peccata
419 3361 470 3460 6),
502 3385 535 3439 et
559 3396 622 3463 per
647 3398 793 3466 poenas,
825 3393 859 3451 ct
872 3379 959 3449 alias
973 3379 1075 3449 aliter
1091 3405 1247 3450 commo·
1298 3378 1363 3446 bus
1394 3378 1612 3469 experimur,
1648 3376 1784 3446 nullam
1811 3402 1884 3449 esse
1907 3380 2039 3449 firmam
2061 3380 2279 3449 consolatio-

265 3465 361 3537 neht.
413 3467 452 3535 ln
482 3466 535 3538 his
558 3478 750 3547 terroribus
770 3480 874 3549 multi
893 3496 1041 3570 pereunt
1060 3482 1247 3550 irascentes
1298 3502 1398 3558 nem,
1425 3474 1619 3563 nisilmnr,
1651 3470 2091 3575 dequaPaulusinquit,
2114 3472 2206 3549 Ideo
2229 3502 2278 3551 tx

263 3559 361 3648 Dm,
386 3582 446 3638 ant
461 3566 643 3665 Epicureo
658 3593 860 3669 contemptu
874 3582 985 3669 magis
1002 3596 1143 3652 ruentes
1159 3606 1246 3650 eon·
1284 3570 1367 3667 fide
1378 3578 1522 3671 gratis,
1547 3587 1588 3649 ut
1599 3576 1651 3649 sit
1653 3572 1773 3670 firma
1785 3578 1996 3675 promissio.
2099 3644 2105 3667 ,

264 3677 317 3734 tra
333 3664 459 3738 Deum.
510 3667 582 3741 Atii
600 3700 671 3744 non
689 3696 923 3770 repugnantes
938 3681 1034 3765 Deo,
1060 3683 1119 3751 sed
1137 3705 1245 3777 qnae.-
1397 3678 1492 3768 Quia
1516 3680 1624 3769 igitur
1635 3672 1830 3751 Matthias
1846 3674 2113 3753 Lautcrwaidt
2132 3684 2279 3756 damnat

260 3781 380 3836 rentes
401 3773 677 3844 consolationem
702 3781 738 3846 in
764 3805 849 3850 voce
863 3779 1047 3872 Evangelii
1068 3783 1245 3873 accipiunt
1295 3782 1493 3850 doctrinam
1524 3778 1891 3869 Ecclesiae-nostrae,
1922 3796 1958 3853 et
1987 3783 2172 3854 contendit
2202 3808 2277 3854 uon

261 3868 503 3940 remissionem
545 3890 786 3966 peecatorum,
825 3884 1165 3966 reconciliationem,
1205 3906 1244 3953 ac
1294 3882 1368 3950 sola
1384 3882 1470 3960 lide,
1496 3884 1556 3951 sed
1574 3881 1808 3973 contritione,
1834 3896 1868 3956 et
1883 3882 1963 3953 aliis
1979 3880 2185 3976 operibusl)
2201 3886 2278 3954 lieri

262 3968 565 4053 iustificationem,
599 3990 634 4047 et
666 3981 939 4051 vivificationem
974 4008 1037 4074 per
1069 3984 1242 4075 Spiritum
1294 3982 1563 4072 applicationem
1590 3982 1808 4053 remissionis
1829 3994 2070 4076 peecatomm,
2096 3997 2130 4054 et
2151 3984 2279 4056 iustili-

263 4083 440 4156 sonctum,
470 4099 508 4143 ac
528 4077 566 4145 lit
587 4076 819 4170 apprehensio
839 4085 1099 4171 promissionis,
1126 4100 1160 4155 et
1180 4110 1243 4176 ap-
1294 4083 1460 4168 cationis3
1488 4082 1704 4162 ludicamus‚
1731 4109 1812 4155 eum
1831 4087 1956 4154 docere
1978 4085 2199 4176 corruptelas
2212 4110 2276 4157 re·

264 4169 406 4256 plicatio
423 4175 494 4242 sola
511 4177 595 4261 lide,
623 4181 656 4248 id
677 4196 745 4263 est,
772 4184 898 4254 fiducia
914 4184 1142 4268 Mediatosis,
1168 4210 1241 4254 non
1293 4207 1353 4250 rae
1369 4185 1560 4257 doctrinae.
1609 4183 1683 4255 Nec
1704 4186 1818 4275 reipsa
1839 4184 1960 4257 differt
1972 4178 2060 4255 haec
2075 4187 2275 4277 corruptela

262 4283 406 4360 propter
438 4276 705 4364 contritionem,
744 4307 859 4376 neque
891 4301 1034 4378 propter
1058 4299 1241 4381 sequentes
1293 4280 1559 4377 aSynecdoche
1575 4281 1856 4370 Mouaclromm,
1885 4286 1951 4377 qui
1966 4285 2093 4355 dieunt
2104 4280 2153 4381 ⁸),
2175 4280 2275 4356 Fide

262 4370 427 4454 virtutes,
451 4378 511 4443 sed
529 4379 656 4447 nititur
670 4383 754 4450 fides
769 4387 845 4454 solo
861 4383 1069 4468 Mediatore,
1097 4389 1241 4458 seumi-
1293 4380 1553 4476 iustificamur,
1589 4385 1680 4481 quia
1708 4379 1859 4455 inchoat
1883 4380 2114 4456 'dilectionem
2134 4394 2167 4457 et
2189 4383 2274 4457 atra

261 4472 449 4543 sericordia
475 4491 619 4567 propter
642 4479 875 4555 Mediatorem
901 4491 1087 4575 promissa,
1122 4503 1157 4558 et
1182 4513 1239 4557 ac·
1292 4482 1388 4553 borso
1410 4511 1530 4581 opera.
1581 4484 1742 4556 verbum
1760 4508 1821 4556 seu
1833 4484 2020 4578 promissio
2037 4486 2276 4580 sulafideap-

259 4571 408 4663 quiescit
434 4600 511 4656 cor,
552 4580 635 4671 quia
657 4581 722 4652 scit
745 4589 1010 4673 promissionem
1035 4605 1146 4660 ratam
1168 4614 1240 4659 esse
1292 4583 1531 4675 prehenditur.
1589 4586 1678 4656 Nam
1702 4583 1768 4658 hac
1790 4610 1830 4657 re
1850 4584 2022 4659 tinemut
2040 4589 2126 4657 tides
2142 4601 2178 4659 et
2195 4612 2272 4658 cae-

1291 4703 1361 4757 tera
1378 4712 1501 4775 opera,
1526 4692 1621 4779 quod
1638 4688 1724 4756 fides
1741 4684 1976 4780 apprehendit
1988 4688 2270 4781 promissionem,

1290 4798 1323 4856 et
1347 4788 1471 4876 accipit
1493 4812 1565 4855 non
1586 4801 1626 4857 ut
1655 4789 1838 4859 meritum:
1874 4784 2021 4861 Caetera
2043 4794 2134 4859 'vero
2161 4810 2270 4878 opera

294 4852 982 4993 *cazaaerata.atat-‚amca
1288 4886 1363 4956 a..
1379 4889 1512 4979 aas
1533 4886 1703 4975 ossus
1809 4889 1997 4980 aneso
2012 4909 2192 5004 eoas
2208 4888 2271 4954 a·

287 5008 315 5070 ι)
337 5005 422 5060 mant.
439 5008 615 5061 sostenen.
1289 4990 1396 5076 telligi
1419 4989 1487 5056 alia
1511 5003 1643 5079 potest,
1681 4990 1751 5059 nisi
1771 4991 1908 5060 ratione
1936 4987 2064 5060 menti
2124 4984 2272 5057 Nomen

285 5088 672 5159 ³l⁸⁰1⁰l¹¹0¹¹¹²²b⁰tl¹ml
1285 5090 1394 5178 igitur
1415 5090 1534 5159 meriti
1557 5092 1680 5161 abiicit
1700 5084 1916 5177 Matthias,
1949 5112 2027 5163 rem
2046 5085 2197 5175 nunu,
2236 5103 2273 5160 ct

283 5180 312 5243 4)
332 5175 539 5254 Radasehioes]
560 5173 986 5251 Manl.etsorl.Guelph.recte;
1004 5180 1232 5237 ornament·
1984 5230 1987 5235 .

316 5262 380 5300 mus
392 5246 505 5297 Peucen
519 5242 649 5295 utendum
662 5254 711 5297 est.

282 5335 311 5388 5)
331 5331 400 5384 Cod.
415 5325 532 5396 Guelpb.
549 5343 647 5378 seusus
666 5354 694 5365 —
708 5343 839 5392 arguens.
1317 5332 1345 5398 7)
1362 5330 1429 5386 cod.
1443 5328 1561 5397 Gnelpb.
1574 5327 1662 5380 addite
1685 5327 1773 5378 booth.

281 5417 311 5487 6)
330 5416 415 5473 Menl.
428 5415 560 5482 argudur
570 5416 916 5479 deprecatoperposoas.
1316 5417 1344 5483 8)
1361 5420 1499 5480 dicerunt]
1517 5412 1608 5467 Maol.
