4776 6024
111 221 183 294 ιω
243 162 246 167 ’
684 205 1114 293 arrsrootnon
1165 180 1270 286 nia.
1296 209 1380 282 xn.
1432 206 1564 289 mse.
2075 216 2145 292 ree

104 408 199 462 terra
217 388 308 461 alios
319 384 464 479 gignere
479 378 668 475 dicitur*).
720 377 1020 452 Commendemus
1036 401 1103 447 nos
1153 374 1346 466 Christum,
1368 393 1410 451 ut
1423 379 1535 452 Vobis
1550 384 1642 453 vires
1659 387 1818 478 corporis
1835 401 1870 458 et
1885 387 1996 457 animi
2013 389 2142 460 contir-

104 493 184 562 filio
205 491 262 561 dei
284 476 436 560 domino
457 497 581 581 nostro
599 480 677 553 lesu
698 477 853 556 Christo.
903 479 1001 551 Bene
1015 480 1104 550 vale.
1153 494 1237 555 met.
1288 478 1379 553 Cum
1401 495 1520 552 autem
1545 479 1640 556 hunc
1660 511 1777 559 meum
1799 490 2022 561 tabellarium
2039 491 2143 561 mise-

109 593 266 666 Salutem
281 604 370 684 opto
384 586 490 661 vobis
504 581 730 659 omnibusll.
748 583 887 655 Pastori
901 596 937 654 ct
951 582 1041 655 aliis.
1152 581 1222 651 rim
1252 582 1361 668 istuc,
1398 595 1439 653 ut
1468 588 1734 674 responsionem
1765 615 1879 661 meam
1901 593 1945 662 de
1964 586 2146 663 Staneari

790 680 1002 777 Philippus.
1153 683 1402 753 controversiis
1426 686 1470 753 ad
1492 683 1566 755 Vos
1591 690 1762 777 perferat,
1800 716 1881 779 oro,
1919 706 1961 764 ut
1982 690 2143 765 exhiberi

120 995 193 1069 No.
208 991 321 1066 5443.

922 987 1092 1109 Q

115 1092 330 1129 Μ

407 1154 458 1242 0.
490 1155 815 1242 Bachholaero.

217 1297 315 1354 Manlii
332 1299 428 1368 farrag.
446 1320 474 1371 p.
487 1297 538 1352 208
551 1316 593 1368 sq.
683 1344 687 1354 .

114 1449 313 1545 Georgia
343 1446 693 1538 Buchholzero,
734 1445 951 1545 Praeposito
984 1445 1100 1517 Bero-

532 1549 680 1622 linensi.

108 1673 325 1759 Reverendo
334 1688 404 1772 vir,
429 1701 465 1758 et
481 1689 592 1756 amice
607 1682 822 1759 charissime.
857 1682 1100 1753 illustrissimo

110 1790 264 1881 principi
278 1785 450 1858 Electori
461 1781 520 1856 M
517 1782 690 1857 archioni
705 1785 971 1880 responsionem
986 1806 1100 1851 meam

108 1892 213 1961 mitto
235 1892 280 1960 de
303 1891 542 1961 controversia
564 1886 755 1960 Stancari:
790 1902 825 1959 et
846 1912 929 1969 oro,
970 1898 1012 1955 ut
1037 1905 1100 1951 vos

110 1993 177 2082 ipsi
193 1987 387 2073 exhibeatis
402 1993 642 2063 illustrissimo
658 1991 837 2082 Principi,
868 1989 924 2057 vel
941 1981 1100 2055 exhiberi

109 2093 238 2164 curetis
252 2108 330 2183 ‘per
357 2095 581 2184 magnificum
610 2094 795 2164 dominum
827 2087 1100 2164 Cancellarium‚

109 2209 170 2264 aut
212 2196 476 2266 ornatissimum
514 2196 633 2266 virum
675 2195 862 2265 dominum
900 2182 1100 2275 Thamara.

108 2293 273 2367 Orabitis
287 2297 403 2379 etiam,
426 2311 469 2367 ut
483 2293 575 2365 mihi
592 2297 696 2366 venia
713 2298 826 2378 detur,
853 2294 949 2386 quod
965 2290 1101 2361 tardius

108 2399 230 2466 mitto.
279 2395 456 2483 Legerunt
471 2397 550 2480 alii,
575 2412 610 2467 et
623 2398 912 2491 comprobarunt,
938 2394 997 2462 sed
1014 2390 1100 2459 sub-

113 2496 326 2583 scriptiones
342 2517 415 2562 non
438 2498 565 2583 petivi:
597 2499 682 2589 quia
704 2498 806 2566 nolui
830 2497 908 2567 a'liis
924 2488 1100 2564 attrahere

114 2589 310 2664 certamina
326 2619 405 2663 curn
419 2590 615 2681 Sion-caro,
638 2594 786 2664 homine
800 2596 904 2662 valde
920 2594 1101 2665 maledico.

112 2695 267 2786 Scripsit
290 2696 333 2763 de
354 2718 411 2763 me
426 2697 593 2786 epistolas
606 2696 730 2788 plenas
743 2695 960 2784 arrogantiae
973 2708 1007 2763 et
1022 2717 1101 2762 cru-

110 2796 286 2878 delitatis,
311 2820 392 2866 cum
407 2820 593 2890 nunquam
609 2822 627 2866 a
642 2822 699 2865 me
713 2799 826 2866 laesus
841 2796 896 2867 sit.
947 2793 1017 2865 Sed
1032 2793 1102 2862 mei

111 2899 254 2968 labores
267 2895 344 2967 Deo
367 2910 401 2966 et
422 2899 546 2967 multis
563 2900 667 2969 bonis
680 2897 860 2969 virisnoti
875 2908 966 2964 sunt.
1019 2893 1102 2964 Non

112 3001 209 3068 movi
239 2999 404 3068 dissidia:
443 3001 505 3067 sed
531 3003 609 3068 eum
634 3011 723 3067 esset
741 3020 867 3087 magna
889 2996 1102 3088 opinionum

113 3100 294 3179 confusio,
325 3100 484 3191 quaesivi
506 3101 754 3190 explicationes
781 3122 880 3168 veras
905 3113 939 3168 et
964 3097 1104 3187 simpli-

114 3227 192 3284 ces,
213 3225 301 3294 quae
316 3201 468 3290 intelligi
485 3215 636 3292 possent,
660 3205 705 3268 de
719 3213 792 3272 toto
807 3222 954 3290 corpore
966 3197 1102 3281 ‚doctri-

114 3327 192 3373 nae.
243 3298 451 3371 Stancarus
473 3303 560 3394 quid
583 3303 709 3372 sentiat
735 3303 773 3370 in
788 3304 954 3371 universa
971 3299 1104 3369 doctri-

115 3430 180 3485 na,
203 3406 365 3474 nondum
387 3404 528 3476 scimus.
575 3401 677 3473 Bene
699 3417 732 3472 et
750 3404 899 3473 feliciter
916 3402 1047 3485 valete,
1070 3413 1104 3468 et

115 3519 233 3575 curate
256 3501 347 3573 mihi
367 3505 512 3574 rescribi
527 3517 665 3574 tantum
681 3499 749 3573 hoc
759 3553 769 3586 ,
793 3506 836 3573 'ut
851 3505 958 3573 sciam
972 3525 1017 3570 an
1034 3502 1107 3571 sint

116 3603 294 3674 exhibitae
306 3629 405 3673 meae
417 3607 573 3695 paginae.
624 3604 758 3674 lterum
773 3605 898 3705 valete.
949 3600 1017 3672 Die
1031 3603 1105 3693 pri-

118 3730 179 3772 mo
197 3705 359 3791 Augusti.

1115 3864 1120 3879 b

872 3905 1103 3917 *QG—„—

133 4020 201 4093 No.
216 4019 328 4130 5444.

127 4118 337 4153 w„
966 4030 1107 4148 ees

432 4190 472 4275 I.
506 4193 802 4281 Weintaabio.
847 4252 857 4269 -

188 4347 226 4399 Er
245 4357 351 4419 autogr.
367 4347 432 4407 Mel.
451 4351 480 4403 in
503 4351 564 4406 cod.
579 4351 660 4406 Seidl.
683 4369 725 4422 ep.
743 4350 784 4407 ta.
805 4350 874 4405 edite
887 4349 916 4404 in
932 4350 1108 4416 Weseherit.

221 4415 320 4487 Progr.
333 4418 369 4471 ll.
385 4436 427 4488 ep.
439 4421 480 4472 14.
614 4440 617 4447 ·
956 4451 960 4459 ⁴

117 4565 326 4662 Magnifica
348 4564 498 4641 domino
523 4563 761 4643 Cancellario
787 4568 908 4640 incliti
930 4569 1109 4666 principis

118 4667 302 4740 Electoris
328 4666 575 4743 Marchionis
606 4682 667 4748 etc.
700 4672 778 4742 viro
810 4668 1021 4743 clarissimo
1045 4696 1110 4743 sa-

115 4768 263 4865 pientia
288 4781 320 4847 et
347 4770 548 4844 eruditione
574 4783 605 4844 et
636 4775 762 4844 virtute
790 4774 1002 4871 praestanti
1024 4770 1110 4844 Do-

117 4871 224 4940 mino
247 4864 467 4944 Iohanni
498 4871 757 4951 Weintaab
782 4885 844 4952 ete.
863 4870 1030 4948 Patrono
1044 4900 1112 4946 suo

537 4973 696 5052 colendo.

121 5092 171 5177 S.
194 5106 240 5182 D.
292 5107 484 5199 Magnifice
505 5107 659 5182 Domine
673 5072 892 5180 cancellarie
912 5123 946 5178 et
958 5108 1113 5179 Patrone

118 5210 277 5284 colende.
317 5205 396 5281 Oro
413 5212 600 5283 filiumdei
615 5211 802 5284 dominum
818 5222 980 5305 nostrum
997 5205 1113 5279 lesum

152 5370 188 5440 ἢ
205 5372 304 5433 Novus
319 5371 452 5435 erereitor
467 5372 584 5429 Alberti.
604 5372 708 5429 (ΖΛΜ

1152 806 1246 854 meas
1261 784 1382 855 literas
1396 797 1430 855 et
1443 789 1707 876 responsionem
1724 788 1967 863 lllustrissimo
1981 792 2143 888 Principi

1152 880 1309 954 Electori
1331 879 1560 956 Marchioni
1583 891 1713 963 curetis
1741 906 1776 964 et
1800 889 1892 963 mihi
1916 895 2141 984 significetur,

1152 979 1285 1054 arrhas
1300 1010 1396 1057 meas
1410 989 1554 1078 paginas
1569 994 1782 1085 acceperitis.
1831 992 2006 1067 ludicium
2022 1013 2139 1070 autem

1152 1087 1197 1154 de
1219 1110 1298 1156 meo
1321 1088 1451 1178 scripto
1476 1104 1510 1160 et
1530 1094 1635 1163 nobis
1655 1109 1689 1165 et
1705 1097 1872 1168 omnibus
1888 1096 1957 1189 piis
1972 1120 2012 1166 ac
2028 1101 2140 1170 doctis

1150 1189 1331 1357 permitto.
1390 1187 1489 1261 Bene
1515 1206 1547 1262 et
1567 1194 1718 1266 feliciter
1738 1199 1863 1271 valete.
1931 1197 1998 1269 Die
2023 1200 2138 1290 primo
2233 1268 2238 1275 .

1188 1303 1316 1379 ugustr.

1609 1393 1797 1490 Philippus
1817 1396 2040 1471 Melantbon.

1155 1600 1513 1611 ...ρῳ-...Μ
1523 1600 1836 1616 --.Α-.--,.....-.....,
1848 1610 1870 1618 ...
1879 1612 1887 1617 .
1895 1612 1938 1618 ....

1151 1722 1218 1796 Νο.
1243 1719 1357 1796 5445.

1157 1820 1369 1857 w

1438 1909 1504 1993 M.
1521 1910 1859 2023 Meiendurgio.

1253 2063 1340 2136 Epist·
1357 2064 1407 2119 lib.
1420 2064 1458 2118 V.
1474 2084 1502 2134 p.
1517 2067 1578 2120 ⁵41.

1176 2212 1417 2289 Michai'li
1440 2216 1791 2317 Meienburgio,
1824 2150 2135 2300 consultatori-l

1567 2316 1725 2399 barano.

1152 2438 1200 2526 S.
1233 2451 1277 2525 D.
1337 2454 1593 2528 Honestissime
1619 2460 1693 2543 vir,
1729 2474 1763 2529 et
1789 2461 1900 2529 amice
1926 2457 2139 2531 charissime.

1152 2552 1230 2626 Etsi
1253 2557 1397 2626 difficile
1418 2574 1485 2643 est,
1517 2560 1677 2628 invenire
1691 2556 1968 2630 Concionatores
1981 2561 2140 2647 idoneos,

1152 2671 1187 2728 et
1203 2682 1276 2727 non
1297 2659 1478 2729 factiosos:
1511 2673 1628 2728 tamen
1646 2659 1800 2729 indicavi
1816 2676 1888 2731 tres
1900 2654 1959 2756 *),
1983 2676 2023 2732 ut
2039 2664 2140 2735 vide-

1152 2761 1236 2830 bitis
1253 2760 1291 2828 in
1309 2760 1463 2850 pagella,
1489 2784 1594 2852 quam
1611 2760 1744 2830 inserui
1760 2756 1816 2830 his
1829 2762 1954 2833 literis.
2006 2763 2141 2854 Scripsi

1152 2864 1198 2931 ad
1219 2864 1318 2935 duos.
1376 2859 1440 2948 Et,
1466 2863 1495 2930 si
1516 2860 1846 2952 Meidcburgensem
1868 2887 1993 2932 vocare
2017 2866 2141 2934 volue-

1152 2965 1247 3049 ritis,
1275 2964 1457 3034 addendae
1480 2976 1584 3033 ernnt
1605 2964 1728 3034 literae
1743 2963 1895 3036 Senatus
1916 2965 2036 3036 vestri.
2087 2962 2142 3036 De

1153 3067 1249 3141 bello
1266 3089 1328 3156 ego
1345 3080 1475 3152 metuo,
1499 3067 1575 3137 fore
1591 3067 1822 3137 vastationem
1837 3063 2027 3138 Hunnicae
2042 3069 2142 3137 simi·

1152 3167 1249 3259 lem,
1275 3181 1336 3238 aut
1355 3166 1581 3238 Vandalicae.
1633 3168 1757 3238 Talem
1780 3169 1989 3240 seditionem
2006 3192 2142 3262 semper

1153 3268 1271 3337 timui.
1320 3266 1404 3339 ldeo
1422 3295 1496 3339 non
1512 3269 1610 3341 volui
1631 3293 1704 3340 esse
1721 3273 1805 3342 tuba
1817 3296 1992 3342 novorum
2008 3271 2142 3340 tumul-

1155 3384 1266 3442 tuum.
1326 3365 1404 3440 Oro
1433 3385 1552 3442 autem
1575 3369 1709 3441 Filium
1732 3371 1820 3457 Dei,
1856 3371 2051 3442 Dominum
2075 3395 2142 3439 no-

1155 3486 1267 3542 strum
1289 3468 1404 3541 lesum
1419 3468 1622 3556 Christum,
1655 3486 1696 3541 ut
1717 3496 1780 3542 vos
1799 3488 1834 3543 et
1853 3495 1920 3542 nos
1932 3486 2092 3562 protegat
2109 3485 2144 3542 et

1155 3572 1338 3662 gubernet.
1386 3569 1446 3640 An
1463 3571 1545 3641 Dux
1561 3565 1752 3663 Augustus
1775 3597 1897 3664 pacem
1918 3575 2074 3645 facturus
2089 3573 2161 3658 sit,·

1156 3673 1320 3742 nondum
1335 3670 1419 3743 scio.
1471 3672 1538 3744 Dei
1553 3671 1723 3743 beneficio
1739 3686 1831 3743 recte
1847 3675 1959 3758 valet,
1985 3688 2019 3744 et
2040 3673 2145 3744 discit

1155 3774 1250 3843 filius
1264 3764 1452 3843 Michael.
1502 3772 1599 3846 Bene
1620 3788 1654 3843 et
1675 3773 1824 3844 feliciter
1845 3774 1970 3844 valete.
2021 3771 2088 3841 Die
2107 3766 2144 3842 5.

1157 3871 1320 3965 Augusti.
2120 3938 2123 3945 .

1617 3974 1806 4068 Philippus
1820 3970 2042 4045 Melanthon.

1156 4305 1223 4376 No·
1238 4305 1350 4381 5446.

1164 4401 1335 4429 m

1904 4360 1906 4365 .
1950 4369 1951 4373 ,
1989 4321 2023 4381 6.
2040 4310 2124 4391 Aug.

1507 4478 1563 4562 11.
1584 4478 1797 4564 Besoldo.

1261 4631 1609 4722 mmmuwm·

1183 4785 1520 4881 Hieronymo
1560 4782 1810 4857 Besoldo
1843 4777 2165 4881 (Concionatori·

1531 4884 1773 4981 Norinberg.)

1160 5007 1208 5094 S.
1236 5021 1282 5096 D.
1335 5019 1545 5094 Reverende
1568 5022 1641 5102 vir,
1666 5030 1701 5086 et
1716 5011 1860 5087 chariss.
1873 5015 1992 5088 frater.
2048 5011 2149 5083 Hauc

1161 5113 1346 5212 epistolam
1362 5122 1488 5212 scripsi
1501 5122 1560 5190 die
1575 5120 1611 5188 6.
1624 5115 1797 5205 Augusti,
1821 5139 1862 5186 ae
1875 5115 2007 5188 tradidi
2017 5111 2150 5182 nuncio

1195 5292 1223 5359 l)
1240 5291 1272 5342 ln
1287 5287 1379 5343 lorum
1393 5286 1505 5356 Georgii
1518 5284 1647 5350 Erbardi,
1707 5285 1717 5341 i
1730 5286 1878 5359 Augustam
1890 5264 2024 5341 Vindelic.
2036 5245 2151 5338 ronta·

1231 5358 1331 5412 fuerat.
1369 5354 1432 5409 vid.
1445 5373 1488 5425 ep.
1500 5353 1527 5408 d.
1542 5355 1587 5464 a*
1586 5354 1654 5412 17.t
1686 5356 1786 5416 itur.

1524 5428 1548 5500 9
