4776 6024
201 226 255 303 71
769 220 1208 301 EPISTOLARUM

200 390 313 487 nothe
327 392 496 485 Ducunt
509 380 661 483 bustim,
687 388 821 479 Dauom
837 397 902 466 snt
915 391 1026 467 &titt
1045 394 1110 467 eine
1132 391 1195 464 eta

1259 222 1366 302 utu.
1409 222 1509 303 xtt
1559 220 1694 303 1563.
2186 233 2235 305 78

1244 354 1310 460 tha
1326 393 1453 462 mnndi
1474 409 1630 479 senecta,
1655 411 1690 468 et
1706 398 1843 469 suturas
1859 420 1932 467 esse
1949 400 2102 470 maiores
2122 425 2231 492 gene-

205 493 652 591 111111191ἵ1111110119111111Ι
678 494 802 566 molleta.
863 482 975 587 §blitea
1002 494 1084 569 lanu
1115 490 1195 584 nicht
1242 491 1292 559 ris
1309 486 1457 562 humani
1474 496 1718 581 confusiones,
1744 523 1850 590 qnam
1872 501 2017 571 luerunt
2032 514 2151 572 antea:
2184 502 2234 577 Et

205 600 296 689 osso
311 600 360 671 tie
373 596 556 687 ffibeotogm
570 594 793 687 tesotblcbtogt
809 596 943 669 aenea

1243 604 1360 661 tamen
1376 592 1509 663 Filium
1531 595 1599 664 Dei
1617 610 1794 667 aeternam
1817 599 1886 668 sihi
1906 596 2102 671 Ecclesiam
2124 605 2233 674 colle-

305 700 442 774 iDotuttt
457 692 741 791 inmortalium
758 694 941 783 metentes,
966 699 1028 789 θαβ
1043 694 1117 784 bltle
1131 692 1194 773 3112
1241 706 1380 762 cturum
1406 717 1479 762 esse
1513 696 1617 763 etiam
1647 697 1741 766 inter
1767 699 1889 767 ruinas
1918 701 2169 791 imperiorum,
2195 719 2231 776 et

200 795 495 893 {montaldus
513 794 591 883 ⁸th
604 794 824 887 praenomen
839 796 899 884 fao.

310 897 400 989 Doto
420 898 452 988 lo
471 897 546 988 mid)
566 899 640 969 obet
661 901 756 970 cutte
782 897 872 987 unslet
893 894 1083 991 godtipissec
1105 894 1194 990 Dect

1241 791 1384 884 quidem
1414 795 1453 863 in
1479 796 1551 864 illis
1577 797 1662 886 ipsis
1687 798 1908 887 agminibus,
1944 803 2007 871 ubi
2034 819 2135 875 sonat
2161 831 2229 876 vox

1241 889 1427 982 Evangelii
1443 897 1661 987 incorrupta.
1714 896 1883 968 Feramus
1904 899 2012 988 igitur
2027 926 2230 976 communes

204 1000 304 1092 babit
326 1000 440 1091 scebet,
473 999 587 1071 noun
608 997 669 1070 wit
696 998 730 1070 in
751 997 1000 1088 ilntettbdttileit
1028 995 1191 1088 gtbvtsom
1242 994 1381 1062 labores
1404 996 1560 1084 placide,
1593 998 1730 1067 etiamsi
1754 1000 1874 1069 minus
1898 1001 2107 1073 adiuvamur
2127 1029 2145 1075 a
2163 1030 2229 1095 gu·

204 1102 300 1195 sepo,
324 1096 634 1191 olusculorum,
660 1100 720 1187 boh
742 1094 1041 1191 gtbfittsswlttoht
1057 1097 1190 1187 hustad)
1239 1093 1490 1165 bernatoribns
1513 1098 1679 1188 politicis.
1740 1097 1790 1168 Hi
1813 1123 1941 1170 nervos
1962 1103 2048 1173 casti
2072 1107 2229 1194 coniugii

205 1200 341 1296 esfolgm
358 1200 544 1291 solebant
566 1197 627 1273 titt
647 1199 681 1270 iu
699 1197 947 1293 ttotettbdniteit
969 1200 1063 1291 bislee
1087 1218 1125 1291 gu
1142 1198 1191 1270 bo

207 1303 363 1490 &me
377 1398 462 1493 odat,
487 1400 550 1493 bol
566 1397 660 1487 bislee
681 1397 729 1472 bei
751 1398 810 1472 bes
832 1398 999 1495 becgogm
1020 1418 1057 1491 gu
1073 1396 1189 1471 utne

203 1502 276 1599 leeg
291 1507 381 1595 tusco
397 1505 457 1593 heu
473 1500 667 1596 pteulitcben
682 1497 861 1637 Qloottm
876 1498 1054 1589 ptodtltitt'
1065 1500 1125 1591 [ep.

1054 1839 1188 1910 balatu

1045 1931 1183 1961 m

197 1837 395 1968 Q.

494 2021 604 2136 cpe.
631 1974 887 2108 ranna.

263 2184 350 2258 Epist.
365 2182 414 2240 lih.
431 2182 465 2238 V.
482 2200 511 2254 p,
527 2178 580 2236 tlt
591 2196 633 2251 sq.

197 2331 550 2432 christophoro
567 2326 821 2423 Pannonio¹
839 2329 1001 2433 (doctori
1012 2334 1053 2404 in
1067 2325 1185 2409 Arad.

584 2428 802 2535 Francos.)

113 2571 118 2578 ’
200 2556 251 2645 S.
269 2568 315 2640 D·
356 2564 559 2638 Clarissime
572 2564 647 2650 vir,
667 2579 701 2634 et
716 2561 919 2636 charissime
934 2569 1056 2641 irater.
1085 2564 1182 2637 Haec

196 2692 278 2739 cum
299 2668 491 2737 scriberem
509 2667 657 2736 tremula
679 2688 810 2751 manu,
834 2667 883 2737 ita
897 2667 1096 2736 luctabatur
1106 2690 1180 2737 mea
1197 2665 1199 2670 ’

194 2769 323 2839 misera
341 2768 510 2850 coniunx,
535 2760 680 2836 honesta
696 2784 869 2852 matrona,
894 2790 976 2837 cnm
993 2780 1115 2852 morte,
1139 2782 1181 2838 ut

191 2866 302 2942 hodie
324 2869 498 2939 moritura
529 2888 605 2935 esse
626 2867 799 2941 videatur.
855 2867 982 2938 Statim
1009 2880 1086 2957 post
1108 2869 1179 2938 mei

190 2970 387 3042 fidelissimi
411 2966 564 3036 ministri
587 2959 779 3035 Iohannis
798 2981 946 3038 mortem
969 2968 1062 3038 febri
1088 2968 1178 3039 seria

191 3086 227 3145 et
243 3070 443 3163 periculosa
458 3066 651 3138 conflictari
665 3067 740 3158 ipsa
755 3090 897 3162 qnoque
911 3069 1039 3158 coepit.
1075 3066 1178 3157 Mul-

191 3175 238 3246 tis
256 3173 365 3263 igitur
388 3183 423 3240 et
439 3169 618 3239 laboribus
641 3180 675 3237 ct
691 3166 876 3238 doloribus
895 3182 1086 3260 occupatus
1102 3192 1176 3239 non

190 3273 329 3346 institui
353 3293 515 3354 carmen,
546 3269 644 3362 quod
666 3268 800 3357 flagitat
828 3264 1077 3341 honestissima
1099 3293 1176 3340 ma-

188 3389 313 3459 tmna,
336 3374 444 3441 vidua
465 3370 535 3439 viri
552 3368 749 3439 doctissimi
763 3383 799 3441 et
811 3370 1030 3459 integerrimi
1047 3368 1092 3442 D.
1108 3366 1175 3440 Io-

188 3472 273 3548 doct
297 3464 508 3549 Wltichit
559 3467 698 3542 Interea
719 3481 754 3540 et
777 3484 898 3541 nostro
920 3467 1173 3542 Mathematico

191 3574 357 3647 Erosmo
369 3566 601 3665 Epitaphium
618 3568 760 3662 scripsi,
786 3573 882 3664 quod
899 3571 1020 3656 mitto,
1043 3571 1173 3642 missu-

191 3676 255 3751 'rus
276 3676 381 3748 aiam
394 3666 623 3765 Epitaphium
639 3668 685 3745 D.
700 3664 834 3740 lodoci
837 3725 848 3755 ,
869 3671 954 3756 etsi,
977 3685 1079 3743 tuum
1096 3697 1174 3743 car-

193 3800 279 3851 men
291 3770 383 3846 mihi
395 3775 517 3868 placet,
537 3775 599 3843 sed
613 3772 724 3842 intexi
737 3771 873 3866 aliquid
887 3785 1026 3864 oportet
1040 3773 1084 3842 de
1097 3775 1173 3865 pie-

193 3892 265 3954 ute
280 3878 392 3971 ipsius
410 3897 492 3967 erga
505 3870 633 3950 Deum.
682 3869 782 3943 Bene
801 3873 897 3958 vale,
922 3884 957 3944 et
970 3874 1016 3944 da
1031 3874 1171 3945 veniam

191 3979 367 4055 brevitati.
419 3974 530 4050 Mitto
553 3974 622 4049 tibi
647 3972 823 4068 optimum
842 3968 997 4071 Str‘gels‘s‘
1017 3997 1172 4053 carmen.

188 4078 382 4155 cattdaii.
821 4142 824 4147 .

686 4169 877 4268 Philippus
896 4169 1121 4248 Melanthon.

871 4493 1169 4631 'Q'

180 4494 251 4571 uo·
260 4488 378 4567 6878.
449 4536 452 4541 ’

188 4586 362 4625 Μ
564 4608 567 4613 -

436 4740 440 4747 .
549 4672 620 4758 Μ.
649 4670 799 4759 Innio.

185 4876 192 4885 .
250 4828 341 4905 rosa.
357 4828 454 4897 naar.
469 4848 498 4903 μ.
512 4828 574 4888 are
590 4808 754 4902 (assas
770 4829 869 4888 run.
884 4827 1021 4904 sama.

173 4978 193 5097 χ·
215 4983 272 5066 n.
291 4980 556 5097 maratana
576 4942 741 5161 rgrrlta,
762 4966 970 5093 rasiano
991 4984 1125 5089 appan

635 5113 659 5156 a
679 5108 738 5170 aa,

174 5205 225 5297 S·
249 5220 293 5294 D.
344 5218 558 5290 Venerando
574 5218 679 5289 viret
700 5214 810 5285 amice
825 5208 1049 5300 charissime,
1081 5213 1158 5286 Scis

172 5337 368 5417 utrumqne
378 5320 600 5393 voce-divina
612 5318 837 5414 praedictum.
843 5334 936 5400 me,
958 5312 999 5383 in
1013 5308 1081 5386 hac
1093 5316 1157 5386 de-

1239 1195 1332 1267 tueri
1363 1198 1557 1284 debebant3
1594 1201 1690 1291 quod
1721 1225 1802 1271 cum
1837 1202 2056 1291 negligenter
2088 1206 2229 1292 faciant,

1238 1319 1315 1374 nos,
1343 1311 1512 1387 quantum
1528 1321 1726 1389 possumus,
1751 1290 1956 1371 meineamus
1971 1307 2156 1397 populum,
2181 1308 2227 1377 de

1238 1396 1405 1465 omnibus
1426 1401 1638 1490 praeceptis,
1671 1426 1760 1493 quae
1786 1402 1875 1471 scire
1905 1403 2062 1493 singulos
2087 1429 2227 1477 necesse

1238 1509 1300 1570 est.
1353 1494 1490 1567 Vellem
1515 1503 1707 1592 quotannis
1728 1504 1768 1573 in
1781 1502 1950 1572 concione
1970 1506 2076 1575 semel
2093 1520 2155 1577 aut
2171 1507 2226 1578 bis

1238 1595 1306 1684 legi
1322 1612 1504 1688 praecepta
1517 1603 1561 1669 de
1576 1602 1744 1690 gradibus
1758 1620 1988 1692 cognatorum
2005 1621 2039 1676 et
2054 1606 2225 1682 affinium.

1237 1693 1328 1765 Com
1360 1697 1396 1764 in
1422 1715 1481 1768 tuo
1506 1723 1608 1786 casu,
1641 1703 1705 1771 ubi
1735 1703 1969 1775 consobrinus
1992 1708 2070 1778 vult
2096 1709 2224 1778 ducere

1236 1797 1443 1867 consobrini
1458 1800 1614 1885 viduam,
1634 1807 1811 1875 sccundus
1824 1807 1954 1893 gredau
1969 1821 2020 1877 est
2035 1809 2225 1894 affinitatis,

1236 1920 1302 1966 nos
1319 1899 1544 1972 antefactum
1562 1898 1806 1993 prohibemus3
1832 1907 1893 1974 sed
1911 1906 1993 1998 quia
2010 1931 2083 1977 non
2099 1923 2151 1979 est
2166 1910 2224 1979 iu-

1235 1999 1285 2066 ris
1301 1997 1415 2066 divini
1432 1996 1646 2091 prohibitio,
1670 2019 1750 2095 post
1768 2006 1898 2076 lactum
1915 2030 1989 2076 non
2013 2030 2223 2098 pugnamus.

1234 2098 1275 2168 si
1296 2099 1457 2169 nondum
1480 2104 1702 2193 desponsatio
1732 2108 1824 2177 lacta
1854 2120 1907 2177 cst
1933 2107 1980 2177 sis
2004 2104 2220 2182 dehortator.

1234 2195 1434 2271 Benevola
1483 2201 1552 2272 Die
1567 2207 1602 2280 2.
1620 2202 1722 2278 Maii.

2088 2546 2163 2625 (1100
2176 2548 2218 2628 t.)

1231 2527 1427 2661 ωο
2080 2641 2217 2670 Μ,

1574 2719 1877 2806 Scholasticis.

1296 2893 1369 2950 Haec
1381 2893 1479 2950 scheda
1491 2894 1674 2950 Melantbonis
1687 2884 1728 2947 hii
1742 2894 1840 2966 legitur
1852 2895 1880 2948 in
1894 2895 1985 2949 'l’onao
1993 2893 2028 2949 ll.
2041 2891 2214 2965 Scriptorum

1329 2963 1465 3037 publicos.
1484 2964 1646 3019 Academiae
1662 2964 1814 3036 Viteberg.‚
1844 2963 1964 3034 primum
1993 2963 2066 3016 intes·
2091 2961 2215 3030 schedas,

1330 3032 1446 3103 quaed.
1467 3038 1490 3090 1.
1507 3043 1535 3088 et
1554 3032 1581 3087 9.
1595 3030 1661 3086 Maii
1682 3031 1756 3086 155³.
1778 3034 1955 3104 prodierunt,
1979 3041 2005 3086 et
2024 3032 2126 3086 iterum
2144 3031 2216 3084 inter

1329 3101 1439 3155 schedas
1467 3120 1535 3172 quae
1548 3103 1574 3157 d.
1589 3104 1614 3155 t.
1626 3110 1654 3154 et
1664 3100 1692 3155 9.
1704 3101 1812 3172 septbr.
1825 3118 1899 3156 anno
1913 3100 1987 3157 1⁵54.
1999 3099 2108 3171 publice
2121 3097 2216 3153 alfius

1330 3180 1404 3224 sont.
1440 3138 1602 3224 l'ecosinsile
1617 3181 1673 3239 est,
1691 3171 1804 3225 eandem
1824 3170 1952 3225 schedam
1970 3170 2011 3225 his
2025 3167 2130 3223 allisam
2148 3185 2214 3247 esse.

1332 3237 1466 3359 illedimna
1482 3239 1564 3311 igitur
1583 3238 1717 3312 prienam,
1739 3237 1821 3293 simul
1842 3249 1932 3296 notata
1956 3237 2029 3298 sacia
2050 3235 2165 3293 lectione
2183 3252 2212 3288 so

1327 3315 1422 3361 atera.

1298 3452 1559 3560 Philippus
1584 3453 1867 3657 Mglcssnfgton
1893 3449 2135 3533 Scholahlicis

1223 3692 1462 3780 Manifestum
1476 3707 1579 3779 estin
1596 3707 1863 3778 omnibnsvitae
1877 3707 2026 3798 negotiis
2040 3730 2206 3796 magnum

1223 3831 1327 3880 usum
1344 3833 1418 3880 esse
1432 3833 1505 3880 non
1522 3808 1778 3879 numerationis
1800 3819 1935 3879 tantum
1948 3810 2011 3881 ted
2027 3807 2132 3874 etiam
2148 3830 2207 3874 ar-

1223 3909 1269 3983 tis
1283 3911 1396 3996 illius,
1421 3935 1512 4005 quae
1526 3908 1680 3983 ostendit
1695 3912 1733 3979 in
1748 3910 1885 3999 magnis
1899 3906 2032 3976 acervis
2048 3905 2206 3975 dividere

1223 4026 1358 4103 partes,
1383 4027 1419 4084 et
1441 4035 1608 4083 numeros
1625 4010 1782 4080 numeris
1805 4009 2088 4086 accommodare,
2114 4030 2205 4100 quae

1221 4112 1348 4184 usitate
1369 4108 1602 4184 Arithmetica
1620 4112 1835 4182 nominatur.
1887 4107 1985 4178 llaec
2007 4107 2204 4178 communis

1220 4214 1356 4285 utilitas
1375 4214 1386 4280 i
1461 4214 1509 4285 its
1528 4211 1647 4282 omnia
1669 4210 1858 4281 mediocria
1875 4209 2016 4300 ingenia
2033 4211 2078 4279 ad
2096 4205 2204 4279 huius

1220 4313 1313 4384 artis'
1323 4237 1560 4404 eognnrilonem
1572 4326 1607 4383 et
1621 4313 1782 4396 exercitia
1799 4311 1950 4384 invitare
1965 4312 2080 4384 debet.
2129 4309 2202 4381 Sed

1219 4436 1301 4484 cum
1317 4413 1356 4482 in
1372 4414 1447 4484 sola
1461 4409 1618 4484 Ecclesia
1634 4412 1700 4483 Dei
1715 4414 1800 4484 inde
1813 4436 1925 4508 usqne
1938 4413 1984 4482 ab
1998 4410 2101 4483 initio
2119 4433 2200 4481 vera

1218 4508 1306 4582 a'nni
1325 4513 1416 4584 ratio
1439 4527 1475 4584 et
1496 4527 1578 4584 nota
1602 4514 1727 4605 luerit,
1752 4530 1788 4586 et
1803 4537 1942 4605 semper
1961 4524 2148 4604 propagata
2165 4525 2201 4582 et

1218 4628 1421 4686 conservata
1436 4613 1501 4699 sit,
1526 4637 1622 4684 nunc
1635 4639 1777 4709 quoque
1788 4616 1963 4686 studiosos
1974 4610 2004 4705 ²)
2019 4611 2197 4683 doctrina·

1154 4760 1159 4769 ·
1216 4739 1296 4786 rum
1316 4728 1351 4787 et
1368 4729 1523 4786 amantes
1542 4712 1736 4786 Ecclesiam
1755 4730 1896 4806 tangere
1920 4711 2005 4785 haec
2027 4737 2109 4784 cura
2134 4716 2196 4782 de-

1215 4815 1293 4904 bet,
1316 4829 1358 4888 ut
1371 4811 1464 4887 hanc
1480 4812 1665 4910 pulchram
1686 4818 1939 4908 possessionem
1957 4817 2001 4883 de
2017 4812 2125 4885 Anno
2139 4836 2197 4883 re-

1214 4917 1361 4993 tineant.
1418 4915 1544 5006 Qualis
1570 4919 1665 4988 enim
1692 4916 1872 4986 barbaries
1898 4928 1986 4985 esset
2009 4942 2083 4986 non
2106 4913 2195 4984 scire

1213 5031 1413 5112 temporum
1444 5019 1656 5091 intervalla?
1710 5016 1784 5085 Nec
1811 5016 1906 5107 leves
1938 5041 2062 5089 musae
2090 5028 2193 5098 sunt,

1245 5257 1273 5322 1)
1291 5253 1393 5308 Sebeda
1406 5253 1491 5308 altera
1502 5249 1630 5320 inscripta
1641 5257 1697 5307 ests
1721 5250 1757 5307 ln
1770 5253 1992 5310 arithmeticam·

1241 5339 1276 5410 2)
1292 5335 1356 5392 su.
1370 5338 1416 5391 alt.
1424 5339 1567 5390 seranna
1578 5353 1703 5408 emus,
1721 5342 1910 5412 praetermisso
1920 5352 2009 5391 nane.
