4776 6024
106 299 180 390 121'

101 486 175 563 No.
188 485 297 562 5428.

112 583 280 617 w

977 500 1011 561 7.
1028 492 1088 556 lul.

394 664 461 773 M.
489 672 826 798 Meiendaegio.

191 843 280 917 Epist.
299 841 347 943 lib.
362 839 395 896 V.
413 859 442 912 p.
459 840 506 895 set
520 859 560 911 eq.
739 841 741 844 ’

87 1009 251 1090 Micio.
276 1004 631 1115 Meienbargio,
666 1004 826 1085 Consali
851 1007 1099 1087 Northasano

107 1155 159 1243 S.
193 1165 242 1233 D.
297 1161 555 1233 Honestissima
579 1163 655 1247 vir,
695 1177 730 1233 et
748 1163 860 1233 amice
882 1158 1098 1238 charissime.

106 1264 326 1339 Meministis
349 1265 484 1333 dictum
509 1262 620 1353 Regis
644 1259 828 1356 Iosaphatt
866 1262 958 1336 Cum
984 1267 1099 1335 nesci-

108 1394 209 1453 mus,
233 1367 317 1459 quid
329 1368 504 1455 agendum
520 1366 584 1451 sit,
609 1367 705 1436 oculi
719 1366 832 1435 nostri
848 1369 892 1435 ad
908 1380 963 1452 te,
988 1369 1099 1454 Deus,

111 1470 310 1562 respiciunt.
361 1465 416 1537 lta
438 1480 473 1557 et
493 1491 559 1538 nos
581 1492 678 1538 nunc
700 1469 739 1536 in
753 1469 859 1539 tantis
875 1469 1098 1550 tumultibus,

108 1596 186 1642 cum
209 1566 365 1639 humana
388 1569 537 1639 consilia
554 1581 588 1638 ct
604 1571 779 1661 praesidia
796 1570 896 1638 nulla
913 1562 1097 1641 habemus:

106 1687 263 1768 petamus
297 1683 332 1741 et
360 1684 580 1765 expectemus
607 1673 864 1764 protectionem
893 1685 929 1741 et
949 1672 1097 1740 consilia

106 1801 125 1845 a
147 1773 237 1844 Deo.
298 1766 464 1844 Serrabit
484 1769 582 1842 Deus
607 1797 704 1843 nunc
731 1797 873 1867 quoque
894 1773 1098 1844 invocantes

106 1879 239 1970 ipsum:
267 1887 310 1944 nt
330 1875 371 1942 in
388 1873 531 1943 samace
539 1872 762 1970 Babylonica
786 1873 962 1945 Israelitas
979 1899 1098 1945 serva-

104 1979 168 2051 vit.
235 1974 317 2046 Alia
338 1978 390 2057 de,
406 1976 501 2057 bello
524 1978 678 2048 scribere
699 2001 774 2047 non
798 1990 971 2069 poteram.
1029 1974 1098 2046 Dei

105 2078 275 2149 beneficio
296 2077 391 2146 filius
409 2076 500 2148 recte¹
517 2081 628 2160 valet,
655 2095 689 2150 et
707 2080 829 2165 discit,
854 2091 890 2148 et
907 2079 1024 2149 studia
1038 2073 1098 2149 hic

106 2180 298 2249 mediocria
323 2191 419 2254 sunt.
473 2177 662 2252 Adventus
697 2196 811 2252 vester
843 2177 935 2250 r'nihi
959 2193 993 2251 et
1017 2179 1099 2250 aliis

103 2283 228 2352 multis
244 2281 461 2369 gratissimus
475 2296 577 2352 esset:
604 2283 666 2352 sed
683 2277 751 2352 hoc
764 2282 850 2353 belli
863 2296 1022 2375 tempore
1039 2281 1098 2351 vix

102 2381 268 2475 poteritis
289 2381 467 2470 expatiari.
516 2381 600 2453 Mea
621 2383 776 2453 coniunx
790 2397 870 2474 post
883 2385 1013 2455 febrim
1026 2384 1098 2455 iam

105 2480 222 2550 habet
234 2475 530 2572 initia-hydropis.
579 2482 770 2574 Negotium
784 2479 911 2555 Lucae
926 2489 993 2556 erit
1007 2479 1098 2554 mihi

108 2605 229 2654 curae.
279 2576 376 2649 Bene
391 2594 425 2653 et
441 2580 591 2652 feliciter
607 2586 730 2655 valete.
778 2582 849 2655 Die
865 2582 949 2655 lulii
963 2586 1000 2655 7.

854 2714 1049 2812 Philippus.
1074 2732 1083 2747 '

103 3086 309 3162 Noctes.
388 3030 420 3129 Ι·

111 3186 322 3227 κακῶν

462 3290 561 3385 Vct.
584 3288 739 3385 Korde.

173 3449 195 3517 l·
212 3447 249 3511 En
261 3420 359 3519 apogr.
370 3445 400 3502 in
413 3445 479 3521 eod.
491 3444 578 3503 Paris.
595 3402 633 3501 D.
645 3446 676 3504 L
695 3447 729 3502 51
737 3451 760 3505 ³.

955 3093 1116 3183 cont=

968 3189 1097 3217 M

105 3615 319 3691 Reverendo
340 3619 435 3704 eico,
461 3615 663 3691 eruditione
683 3631 715 3692 et
733 3622 862 3695 virtute
875 3627 1096 3726 praestanti,

105 3719 163 3791 D.
194 3717 451 3793 Valentino
472 3715 583 3793 Cart
591 3779 602 3809 ,
630 3718 772 3795 docenti
783 3724 1036 3822 Evangeliam
1056 3729 1095 3799 in

106 3819 279 3892 Ecclesia
286 3818 366 3893 Dei
373 3819 412 3893 in
426 3820 567 3921 inclyta
584 3823 729 3895 urbiam
746 3851 880 3899 corona
889 3824 1095 3924 Lubeca*),

419 3923 547 4025 fratri
561 3949 630 3998 sua
649 3929 777 4004 carias.

105 4077 159 4162 S.
184 4088 228 4163 D.
277 4088 487 4162 Reverende
503 4093 559 4163 ric
575 4108 608 4165 ct
625 4095 802 4165 carissime
815 4097 934 4171 frater.
986 4098 1097 4193 Saepe

105 4193 244 4282 cogito,
269 4189 384 4263 Deum
407 4196 596 4266 collocasse
609 4193 805 4267 Ecclesiam
828 4201 868 4268 in
888 4201 995 4271 urbes
1012 4198 1097 4273 Ari—

100 4294 308 4395 stocratieas
328 4294 366 4362 in
389 4290 454 4366 hac
476 4310 631 4370 extrema
652 4314 788 4371 senecta
804 4303 952 4388 mundi,
978 4316 1018 4375 ut
1032 4298 1097 4372 ha·

101 4398 186 4465 beat
206 4390 402 4491 hospitium
427 4399 620 4492 aliquando
644 4402 843 4472 durabilius
866 4428 973 4498 quam
994 4400 1097 4475 habi-

102 4510 180 4567 tura
205 4499 352 4568 videtur
371 4499 410 4566 in
432 4501 634 4595 principum
657 4503 880 4592 regionibus,
905 4506 942 4572 in
966 4507 1096 4598 quibus

103 4600 190 4667 fient
204 4621 352 4688 magnae
366 4603 589 4673 vastationes.
622 4602 712 4673 Nam
728 4620 808 4696 post
826 4601 914 4701 haec
928 4607 1096 4679 int'estina

104 4698 201 4767 bella
216 4702 590 4792 sequenturTur'cicae
605 4705 831 4797 irruptiones,
851 4721 891 4779 ut
904 4698 1097 4780 Hillenias

100 4800 295 4890 praedixit,
317 4826 410 4874 anno
430 4804 545 4881 1600.
556 4805 693 4876 'l'urcos
710 4809 747 4876 in
764 4809 957 4880 Germania
974 4824 1009 4881 et
1025 4809 1096 4882 lta-

102 4903 151 4971 lia
176 4914 393 4991 grassaturos
416 4930 504 4980 esse.
552 4907 621 4979 Sed
646 4931 787 4980 oremus
807 4913 919 4981 lilium
943 4910 1031 4999 Dei,
1056 4929 1098 4984 ut

101 5027 234 5093 poenas
248 5006 370 5091 leniat,
396 5021 431 5077 et
445 5008 628 5079 nausiant
646 5012 757 5080 deleri
772 5008 968 5084 Ecclesiam
985 5038 1096 5085 suam.

100 5102 177 5173 Nos
205 5108 309 5177 etiam
339 5110 524 5181 foveamus
549 5114 710 5182 nostrum
730 5124 889 5196 coetum,
923 5129 1095 5205 quantum

100 5206 201 5276 Deus
217 5210 404 5295 concedet,
429 5214 679 5285 communibus
698 5210 833 5286 officiis.
886 5207 1016 5283 Adhuc
1028 5213 1096 5294 Dei

100 5379 297 5399 Ἣ

134 5467 164 5535 ”)
181 5465 290 5523 Nomen
303 5466 415 5523 caecet
426 5467 589 5525 Melanthon
604 5468 845 5544 interpretabatur:
864 5420 977 5523 carana.

694 313 1127 392 EPISTOLARUM
1176 315 1386 397 LIB.Xll.
1442 314 1571 395 1653.

2073 321 2144 391 tte

1151 487 1321 558 beneflcio
1362 488 1479 559 studia
1515 490 1696 560 doctrinae
1730 487 1788 563 hic
1820 490 2013 560 mediocria
2046 503 2142 573 sunt,

1116 624 1119 628 ·
1152 612 1242 682 quae
1265 589 1401 658 utinam
1424 613 1498 659 non
1514 591 1702 662 turbentur
1717 593 1831 677 bello,
1855 593 1954 685 quod
1969 614 2065 661 nunc
2080 613 2141 659 seu

1150 692 1223 761 lato
1239 714 1300 761 seu
1318 703 1464 782 propter
1479 691 1567 762 alias
1582 715 1703 762 causas
1720 693 1858 767 exarsit.

1251 823 1358 895 Nunc
1379 848 1464 895 vero
1484 848 1525 894 eo
1549 827 1592 896 ad
1615 841 1649 896 te
1665 825 1794 896 scribo.
1844 824 1911 896 Vir
1927 826 2141 897 clarissimus

1151 927 1275 995 doctor
1295 923 1450 995 Iacobus
1473 919 1714 1021 Bardingas,
1746 927 1920 1011 medicus,
1954 929 2014 1019 qui
2044 952 2141 998 nunc

1150 1029 1189 1096 in
1205 1024 1396 1097 Academia
1411 1024 1653 1099 Rostochiana
1668 1029 1768 1114 vivit,
1794 1028 1965 1099 indicavit
1978 1023 2061 1098 huic
2075 1051 2141 1100 suo

1150 1129 1263 1198 amico
1280 1123 1426 1197 Ioanni
1439 1152 1464 1197 a
1481 1127 1599 1213 Bart,
1625 1129 1849 1200 Wesaliensi
1864 1129 2022 1212 medico,
2046 1131 2140 1199 desi·
2176 1190 2181 1198 .

1150 1229 1268 1298 derari
1288 1232 1465 1299 medicum
1488 1228 1671 1326 physicum
1693 1233 1732 1300 in
1748 1232 1838 1303 urbe
1860 1245 1973 1301 vestra
1988 1229 2141 1304 Lube'ca.

1150 1331 1390 1401 Proficiscitur
1412 1332 1521 1420 igitur
1544 1330 1602 1405 hic
1628 1333 1865 1403 Wesaliensis
1889 1335 2000 1416 istuc,
2041 1344 2075 1401 et
2100 1345 2142 1401 ut

1149 1432 1288 1512 audiat,
1318 1455 1365 1501 an
1381 1432 1433 1503 ibi
1450 1449 1652 1526 expectatur
1667 1436 1824 1505 medicus
1839 1431 2023 1527 physicus,
2050 1445 2084 1501 et
2100 1445 2141 1501 ut

1148 1556 1248 1602 suam
1264 1533 1482 1603 voluntatem
1501 1537 1544 1604 iis
1559 1537 1710 1622 indicet,
1734 1538 1796 1628 qui
1809 1532 1895 1604 haec
1911 1537 1955 1604 ad
1970 1533 2141 1606 Senatum

1149 1635 1319 1714 referunt.
1376 1632 1456 1703 Etsi
1479 1651 1595 1708 autem
1618 1633 1704 1706 haec
1725 1638 1865 1726 negotia
1886 1636 2002 1707 aliena
2020 1646 2140 1706 sunta

1149 1736 1351 1820 functione,
1374 1749 1494 1806 tamen
1517 1740 1557 1807 in
1572 1736 1729 1831 Ecclesia
1749 1761 1887 1832 semper
1899 1738 1969 1808 tuit
1983 1737 2141 1828 singula-

1149 1837 1199 1905 ris
1219 1837 1421 1908 coniunctio
1445 1836 1587 1928 piorum
1614 1832 1904 1909 concionatorum
1932 1850 1967 1909 et
1997 1838 2139 1929 piorum

1149 1938 1380 2007 medicorum.
1429 1937 1479 2009 Et
1501 1937 1561 2010 hic
1578 1938 1820 2011 Wesaliensis
1839 1943 2009 2010 adartem
2025 1938 2141 2006 medi-

1150 2063 1225 2108 cam
1247 2040 1409 2128 adiungit
1431 2064 1512 2110 cum
1534 2042 1624 2111 alias
1638 2044 1789 2133 virtutes,
1804 2056 1881 2114 tum
1895 2062 1980 2111 vero
1995 2039 2141 2108 invoca-

1150 2140 1284 2211 tionem
1299 2139 1367 2210 Dei
1392 2141 1643 2234 incorruptam.
1693 2139 1746 2214 Ac
1769 2144 1808 2212 in
1828 2140 1972 2230 Belgica
1995 2136 2142 2210 haberet

1151 2244 1228 2310 loca
1248 2266 1324 2310 non
1340 2246 1617 2330 contemnenda,
1642 2245 1713 2314 nisi
1730 2247 1852 2317 mallet
1867 2244 1906 2312 in
1923 2244 2054 2314 nostris
2070 2238 2141 2311 Ec·

1151 2344 1266 2412 clesiis
1288 2343 1441 2419 viveres
1471 2344 1525 2415 Te
1541 2347 1650 2435 igitur
1667 2372 1750 2432 oro,
1775 2361 1815 2417 ut
1830 2347 2047 2416 voluntatem
2065 2344 2141 2412 eius

1150 2469 1303 2534 exponas
1317 2469 1380 2516 seu
1395 2449 1533 2517 consuli
1547 2473 1607 2517 seu
1623 2448 1729 2516 alicui
1743 2471 1785 2516 ex
1800 2447 2032 2515 senatoribus.
2070 2438 2139 2512 Of-

1149 2547 1218 2617 iert
1232 2560 1367 2617 vestrae
1381 2549 1464 2618 urbi
1478 2572 1578 2618 suam
1593 2572 1736 2639 operam
1753 2563 1786 2617 et
1804 2544 1911 2617 habet
1926 2543 2138 2614 eruditionis

1150 2660 1185 2716 et
1199 2649 1393 2718 industriae
1410 2643 1603 2719 honorifica
1617 2649 1829 2721 testimonia.
1881 2645 1980 2716 Vixit
1995 2645 2035 2713 in
2052 2641 2140 2720 Gal-

1149 2750 1197 2817 lia
1212 2765 1246 2820 et
1261 2747 1484 2819 Germanicis
1497 2747 1709 2834 Academiis,
1729 2743 1867 2819 etmihi
1883 2749 1946 2817 diu
1959 2758 2142 2827 natusest,

1150 2865 1184 2920 et
1200 2852 1271 2921 scio
1289 2875 1406 2921 mores
1424 2846 1689 2925 honestissimos
1706 2874 1790 2924 esse.
1834 2849 1932 2920 Bene
1949 2848 2037 2920 vale.
2073 2845 2141 2916 Die

1148 2951 1195 3025 X.
1211 2949 1305 3026 lulii.
1362 2951 1506 3025 Mittam
1532 2956 1598 3027 tibi
1619 2967 1700 3048 post
1715 2978 1851 3047 paucos
1874 2953 1950 3022 dies
1971 2948 2140 3040 scriptum

1150 3055 1195 3124 de
1211 3056 1418 3127 mediatore.

1216 3146 1219 3152 ⁵
1841 3151 2041 3247 Philippus.

2010 3537 2065 3598 14.
2082 3525 2142 3590 lul.

1999 3618 2138 3649 w

1148 3529 1216 3602 No.
1232 3527 1346 3607 5430.

1147 3628 1355 3666 Μ

1406 3727 1561 3816 ἸοαοΙι.
1590 3727 1868 3831 camerario.

1217 3905 1304 3980 Epist.
1317 3907 1361 3965 ed.
1375 3905 1512 3965 Camerar.
1530 3926 1557 3979 p.
1567 3907 1628 3963 672.
1644 3905 1702 3978 (ed.
1714 3903 1802 3959 Lond.
1819 3900 1865 3958 lib.
1875 3899 1923 3954 1v.
1943 3917 1984 3971 ep.
1997 3898 2080 3964 att).

1148 4071 1375 4153 Clarissimo
1401 4083 1479 4151 ciro
1504 4075 1707 4151 eruditione
1730 4086 1762 4148 et
1783 4074 1914 4144 virtute
1932 4075 2144 4172 praestanti

1148 4177 1398 4254 Ioacltimo
1433 4177 1726 4262 Camerario,
1763 4176 1893 4276 fratri
1923 4202 1990 4249 sao
2025 4176 2141 4250 caris·

1595 4306 1702 4365 simo,

1149 4419 1197 4508 S.
1222 4434 1267 4509 D.
1310 4432 1458 4506 Accedit
1477 4436 1567 4505 istnc
1583 4459 1683 4507 meus
1699 4458 1806 4525 gener
1819 4448 1965 4527 propter
1982 4453 2143 4500 commu-

1148 4561 1231 4623 nem
1254 4537 1427 4610 dolorem.
1479 4536 1556 4607 Scis
1580 4538 1675 4605 enirn
1700 4563 1757 4606 me
1780 4559 1950 4628 usurpare
1966 4532 2143 4605 Aristote-

1148 4639 1256 4708 licum
1280 4640 1369 4707 illud
1395 4635 1712 4732 παραμυθητικὸν
1735 4634 1755 4710 d
1779 4633 1886 4735 φίλος
1908 4630 1971 4708 καὶ
1991 4639 2038 4728 τῇ
2059 4632 2144 4732 ὄψει

1147 4736 1211 4810 καὶ
1234 4733 1410 4839 τῷλόγῳ
1435 4736 1501 4813 ἐὰν
1522 4733 1545 4834 ἦ
1568 4738 1755 4822 ἐπιδέξιος.
1807 4737 1940 4826 Magno
1965 4736 2004 4803 in
2020 4737 2143 4807 dolore

1146 4844 1278 4913 fuimus
1296 4867 1390 4912 anno
1407 4844 1587 4934 superiore
1603 4867 1665 4932 ego
1682 4858 1717 4913 et
1732 4855 1771 4909 tu
1786 4853 1820 4906 et
1833 4840 1896 4906 alii
1913 4837 2036 4922 multi,
2062 4862 2142 4907 cum

1149 4945 1348 5016 videremus
1368 4947 1502 5014 semina
1521 4969 1696 5013 novorum
1714 4939 1909 5018 bellorum,
1936 4962 2026 5033 quae
2045 4951 2143 5029 post-

1148 5071 1255 5137 quam
1288 5046 1454 5137 impediri
1486 5047 1557 5114 fato
1586 5068 1658 5110 non
1687 5053 1953 5124 concesserunt,
1988 5042 2141 5108 feramus

1147 5139 1234 5213 haec
1249 5147 1435 5236 sapienter,
1462 5157 1497 5212 et
1511 5147 1577 5212 deo
1593 5144 1887 5231 obtemperemus.
1939 5140 2049 5210 Nemo
2065 5157 2141 5202 non

1146 5243 1239 5311 vidit
1254 5245 1460 5333 impendere
1476 5243 1627 5311 maiores
1643 5241 1877 5325 mutationes,
1902 5245 1939 5309 in
1957 5237 2086 5329 quibus
2101 5248 2142 5304 ut

1146 5340 1243 5412 Deus
1265 5342 1375 5413 leniat
1394 5343 1674 5436 iustaspoenas,
1701 5358 1736 5416 et
1761 5369 1826 5414 nos
1848 5344 2038 5432 guhemet,
2063 5349 2140 5408 toto

1148 5468 1230 5515 eum
1251 5458 1391 5535 pectore
1405 5469 1481 5521 oro.
1531 5440 1690 5519 Consilia
1705 5443 1861 5516 humana
1876 5437 1975 5508 nulla
1992 5459 2139 5531 quaero.
