4776 6024
170 222 242 294 stt

735 213 1171 294 EPISTULARUM
1226 216 1334 297 [ΑΒ.
1364 215 1449 296 xtt
1499 216 1634 294 libb·

2119 184 2200 282 sie

168 407 331 464 crescunt
365 393 554 464 certamina
588 386 671 485 περὶ
689 356 767 484 ’τῆς
798 382 1076 485 ἀρτολατρείας,
1115 399 1156 457 ut
1207 402 1301 458 amat
1321 390 1458 480 vulgare.
1517 388 1589 461 Sed
1612 388 1899 459 commendemus
1920 405 1986 453 nos
2011 394 2047 451 et
2068 374 2200 449 Eucle-

172 517 312 565 necesse
334 497 380 566 sit
402 495 478 584 pios
502 506 537 564 et
557 492 679 562 doctos
699 491 881 562 communi
903 487 1157 560 deliberatione
1207 490 1295 559 siam
1312 489 1405 560 Filio
1422 488 1509 576 Dei,
1535 503 1743 584 apetamus
1759 513 1825 561 uos
1843 485 1985 560 defendi
2000 495 2124 558 contra
2140 504 2201 549 er-

172 617 341 688 quaecere
362 594 528 664 sanandis
547 593 751 686 aliquorum
776 592 916 666 animis.
967 587 1065 659 Bene
1080 589 1158 659 sale

170 708 208 765 et
222 697 384 767 rescribe.
437 695 496 765 18.
512 688 645 766 Octob.

910 788 1110 884 Philippus.

362 1026 373 1032 -
377 1024 382 1032 ι
386 1015 1157 1034 mano—*M

1003 1166 1060 1234 14.
1076 1164 1148 1228 On.

1000 1256 1153 1281 n

382 1358 640 1461 Ioocisimo,
669 1355 748 1445 Pr.
762 1353 957 1443 Annas.

198 1564 202 1569 .
244 1516 537 1657 Edgpnpffewo
555 1518 584 1572 in
602 1518 710 1574 decess·
730 1517 829 1627 pallii.
857 1490 1087 1594 Apegrapbooin
1099 1513 1162 1570 eod.

173 1160 370 1291 Q.

253 1728 256 1732 ’
327 1734 358 1812 I
361 1737 500 1814 oachi
505 1766 590 1829 mo,
611 1738 776 1840 principi
790 1731 1011 1812 Anhaltino.

178 1881 422 1963 lllustrissime
441 1906 477 1964 et
497 1888 780 1962 Clementissime
800 1887 982 1978 Princeps.
1035 1881 1163 1956 Adhuc

179 2016 304 2062 maneo
320 1994 358 2061 in
374 1989 439 2062 hac
453 1994 644 2084 sententia,
670 2005 711 2061 ut
727 2001 926 2058 reverenter
941 2011 1037 2057 orem
1052 1983 1092 2059 C.
1110 1983 1163 2064 V„

179 2116 224 2163 ne
243 2096 288 2163 de
301 2094 482 2163 maledicis
495 2093 624 2162 libellis
639 2095 683 2160 ad
700 2089 870 2162 Senatum
887 2088 1159 2177 Meideburgen-

181 2217 253 2262 sem
269 2209 329 2293 apat
345 2195 434 2264 alios
449 2195 642 2287 quidquam
661 2192 803 2274 scribat,
827 2214 891 2260 nec
908 2214 1002 2259 nuuc
1018 2212 1165 2280 respon-

180 2295 269 2401 deat
294 2297 340 2364 ad
375 2295 544 2385 scriptum
581 2305 792 2362 venenatum
827 2304 861 2360 et
892 2290 1165 2383 calumniosum,

181 2395 278 2486 quod
293 2419 334 2464 ea
348 2394 578 2482 Meideburga
593 2395 720 2462 misum
737 2407 800 2463 est.
836 2387 912 2480 Ego
929 2392 974 2459 de
991 2404 1062 2460 tota
1079 2415 1163 2459 can-

180 2517 235 2575 sa,
258 2492 334 2565 Deo
356 2496 515 2577 iuvante,
539 2494 779 2582 respondebo,
811 2492 946 2560 etiamsi
969 2487 1057 2559 mihi
1079 2514 1164 2560 exu-

182 2595 327 2665 landum
350 2595 427 2668 erit.
480 2594 587 2664 Videt
599 2592 639 2666 C.
657 2593 718 2676 V„
748 2591 914 2663 delectari
938 2605 973 2663 et
990 2592 1116 2681 vulgus
1131 2604 1164 2659 et

181 2694 270 2766 alios
290 2696 504 2766 clamoribus
527 2696 617 2780 illis,
647 2696 709 2788 qui
732 2695 850 2763 laxant
873 2695 991 2761 frenos
1006 2693 1165 2783 discipli-

182 2804 258 2868 n'ae.
309 2795 457 2867 Nullum
479 2799 663 2868 doctrinae
686 2818 813 2885 corpus
836 2789 951 2863 adhuc
967 2795 1166 2874 ediderunt,

182 2919 248 2969 uec
264 2911 358 2987 certo
374 2900 464 2971 scire
479 2921 682 2991 possumus,
708 2897 794 2991 quid
813 2896 967 2965 sentiant
984 2895 1040 2961 isti
1055 2894 1165 2963 male-

181 2994 253 3067 dici
285 2992 447 3069 homiues
478 3002 522 3068 de
554 2999 767 3087 gravissimis
793 2998 975 3066 doctrinae
996 2995 1165 3076 articulis,

181 3120 246 3181 nec
267 3119 338 3191 qno
361 3101 511 3170 tendant
532 3098 588 3169 isti
610 3100 796 3182 clamores;
825 3097 1008 3189 inquibus
1024 3109 1059 3165 et
1074 3118 1164 3164 non-

180 3196 281 3291 nulla
296 3193 324 3291 ¹)
347 3200 529 3268 mendacia
553 3200 715 3281 miscent,
755 3211 788 3266 et
814 3198 911 3285 vulgi
935 3196 1164 3285 petulantiam

180 3296 408 3393 cqpfirmant,
442 3314 477 3368 et
504 3321 638 3369 errores
667 3301 836 3391 quosdam
857 3298 1051 3369 stabiliant.
1112 3300 1165 3365 De

181 3392 247 3475 bis·
265 3400 384 3469 verbis
412 3423 475 3470 sno
497 3413 654 3492 tempore
677 3402 803 3473 dicam.
865 3395 942 3469 Oro
967 3399 1092 3484 igitur,
1126 3409 1165 3468 nt

179 3492 227 3579 C.
239 3496 281 3573 V.
297 3524 364 3591 pro
381 3523 442 3570 sua
458 3502 627 3590 sapientia
644 3516 677 3571 et
693 3501 803 3571 animi
821 3500 1081 3581 moderatione,
1109 3498 1165 3565 ni·

180 3590 234 3667 bil
249 3599 416 3691 deinceps
430 3604 473 3671 de
487 3596 543 3671 leis
558 3603 707 3691 negotiis
720 3603 858 3671 scribant.
888 3600 1002 3669 Multa
1023 3601 1165 3668 ferenda

180 3714 265 3797 §unt
288 3703 455 3772 omnibus
477 3697 702 3781 hominibus,
737 3726 777 3773 ac
800 3702 1003 3792 praesertim
1026 3701 1165 3788 sapien·

179 3778 280 3883 tibus.
289 3798 526 3892 Principibus.
563 3801 773 3874 Constantio
796 3800 1002 3893 lmperatori
1023 3800 1164 3869 concio-

179 3900 282 3983 npnti
299 3904 344 3971 ad
369 3905 559 3974 exercitum
578 3905 743 3974 iniectum
758 3917 810 3974 est
825 3918 958 3973 stercus
978 3903 1014 3969 in
1029 3901 1166 3970 faciem.

179 3984 353 4081 Davidem
383 4004 577 4093 fugientem
603 4006 769 4075 omnibns
797 4004 936 4094 probris
956 4016 1078 4071 asserat
1100 4000 1164 4072 Se-

178 4100 298 4171 meias.
356 4102 429 4174 Nec
451 4107 515 4174 ulli
543 4121 722 4177 creaturae
747 4102 974 4175 horribiliora
1003 4103 1165 4171 convicia

177 4200 357 4303 eliguntur,
383 4227 488 4297 quarn
504 4208 570 4298 ipsi
588 4206 682 4277 Filio
696 4205 774 4277 Dei.
825 4204 1010 4277 Relntabit
1026 4204 1086 4270 lnx
1104 4228 1164 4270 vc-

176 4304 291 4391 rjtatis
314 4303 495 4395 aliquanto
520 4323 654 4397 postet
676 4308 870 4379 calumnias
886 4306 1019 4375 etlalsa
1032 4304 1162 4373 indicia

179 4384 341 4495 illorum,
367 4405 428 4496 qui
452 4407 637 4478 calumniis
660 4411 897 4489 delectantur,
922 4407 1004 4498 qnia
1024 4405 1164 4475 veritati

177 4508 319 4605 tpptdem
342 4506 540 4598 opitulatur
561 4522 707 4600 tempns.
758 4507 875 4597 Quam
900 4507 1017 4575 inanis
1040 4520 1089 4574 est
1104 4530 1162 4575 ca-

176 4602 313 4699 lumnia
336 4609 374 4677 in
391 4607 677 4698 Meidebnrgensi
697 4609 927 4699 responsione
943 4610 987 4677 de
1003 4605 1163 4691 Caesare,

128 4738 132 4745 ·
176 4702 240 4797 qui
253 4707 387 4793 ,tribuit
406 4712 540 4801 optimo
558 4708 716 4800 Principi
735 4704 895 4800 Georgia
921 4707 1162 4779 testimoninm

176 4806 387 4877 eruditionis
411 4824 445 4881 et
466 4812 615 4901 pietatis.
679 4810 741 4880 llle
765 4805 991 4904 Sycophanta
1018 4821 1162 4878 contra-

176 4904 269 4975 rium
291 4906 375 4974 inde
399 4916 525 4984 extruit
543 4911 584 5008 ²).
644 4910 751 4984 Tales
777 4914 880 4981 ludos
904 4925 938 4981 et
960 4909 1162 5002 praestigias

186 5090 237 5197 [a
255 5130 326 5189 coa
344 5127 417 5187 osta
438 5132 540 5184 aaa«.

207 5214 431 5281 nattaaavern
443 5212 552 5269 Flscins
572 5215 599 5267 in
619 5218 671 5271 scri
693 5229 721 5270 to
740 5236 790 5270 suo
812 5218 845 5271 de
866 5216 1013 5272 concordis
1033 5216 1159 5271 iaciendo

240 5282 321 5340 eliam
351 5284 462 5339 tratrem
493 5281 637 5353 loacbimi,
669 5239 820 5352 georgium
853 5286 1044 5352 dnbsltimsm,
1075 5287 1158 5355 episc.

244 5352 420 5423 Hecuba-de
432 5372 488 5426 quo
501 5351 585 5406 etiam
596 5349 653 5407 boc
662 5354 778 5408 stamas
812 5357 918 5425 „taeta
931 5357 970 5412 bit
982 5356 1157 5421 &nottestan

1210 615 1308 661 rores
1327 605 1361 661 et
1384 593 1587 663 calumnias.
1639 591 1736 665 Bene
1751 607 1785 665 et
1798 592 1950 663 feliciter
1964 589 2078 689 valeat
2092 584 2136 660 C.
2154 579 2203 660 V.

1210 691 1277 763 Die
1295 691 1355 769 14.
1368 687 1518 769 Octobr.
1538 690 1648 768 1556.

1552 793 1784 867 Celsitudinis
1801 793 1845 866 V.
1943 893 1951 909 ι
1982 893 1991 907 ·

1905 905 2064 962 minister

1885 990 1981 1067 Phil.
1997 991 2086 1063 Met.

1220 1222 1401 1237 -t—-u-Q-
1409 1224 1634 1234 -—-—-

1228 1360 1292 1438 No.
1306 1364 1418 1440 6096.

1220 1463 1431 1513 m

2054 1364 2206 1486 Q

1562 1555 1630 1640 M.
1662 1551 1853 1640 Collina.

1284 1716 1302 1781 †
1323 1712 1359 1766 Es
1375 1728 1470 1784 apogr.
1491 1710 1519 1763 in
1532 1712 1593 1769 eod.
1608 1710 1693 1767 Poris.
1712 1706 1748 1766 D.
1761 1708 1794 1766 ῐι.
1809 1708 1870 1762 54⁸.

1215 1861 1463 1937 Malthace
1487 1861 1702 1952 Collina,
1730 1861 1770 1933 in
1789 1859 1987 1935 Academia
2007 1856 2199 1958 Propensi.

1215 2003 1265 2091 S·
1295 2018 1342 2093 D.
1389 2014 1531 2091 Clariss.
1552 2018 1608 2085 vir
1628 2030 1663 2086 et
1680 2016 1929 2090 carisslrater.
1982 2011 2078 2097 Perre
2094 2038 2203 2085 erate·

1216 2118 1285 2189 diri
1308 2143 1327 2188 a
1350 2120 1452 2188 vobis
1466 2117 1674 2187 Pannoniae
1695 2117 1847 2188 eiulatus
1868 2116 2037 2199 arbitror,
2068 2140 2109 2184 ex
2129 2140 2205 2207 qua

1216 2220 1280 2291 etsi
1304 2219 1419 2288 tristes
1444 2220 1604 2312 (precelsa
1628 2221 1672 2288 de
1695 2218 1798 2287 bellis
1818 2217 1972 2308 accipio,
1996 2229 2114 2284 tamen
2136 2216 2207 2286 tri-

1216 2321 1339 2391 stiores
1361 2321 1523 2413 querelae
1544 2319 1748 2389 scribuntur
1771 2319 1815 2387 de
1837 2316 2074 2388 Ecclesiamm
2093 2315 2207 2386 dissi·

1216 2422 1304 2506 diis,
1327 2444 1417 2515 quae
1434 2422 1550 2490 variae
1570 2432 1605 2489 et
1620 2420 1750 2488 multae
1765 2432 1858 2493 suut.
1890 2416 2041 2509 Propter
2056 2412 2120 2486 has
2137 2441 2206 2487 nos

1216 2523 1401 2614 oportebat
1414 2521 1674 2591 coniunctiores
1689 2542 1772 2601 esse,
1797 2534 1833 2591 et
1847 2519 2047 2589 communia
2062 2517 2207 2591 decretu

1216 2646 1396 2717 opponere
1414 2623 1604 2696 erroribus.
1650 2621 1720 2693 Sed
1736 2621 2023 2691 coniunctionem
2038 2632 2072 2690 et
2088 2620 2205 2689 collo·

1216 2726 1299 2818 quia
1316 2724 1515 2815 impediunt
1530 2724 1587 2793 isti
1604 2718 1843 2821 δημαγωγοὶ,
1866 2722 1928 2815 qui
1946 2722 2044 2811 vulgi
2056 2719 2204 2811 plausus

1216 2839 1358 2916 captant
1385 2826 1633 2895 criminatione
1663 2824 1787 2893 nostri
1846 2821 1979 2914 Scripsi
2006 2820 2202 2915 supplicem

1217 2927 1400 3019 epistolam
1432 2926 1475 2994 ad
1497 2919 1689 2995 Floriani:
1726 2924 1757 2993 is
1784 2938 1902 3015 postea
1930 2923 2025 2994 misit
2046 2935 2204 2993 atrocem

1217 3027 1512 3101 criminationem.
1533 3023 1535 3027 ⁴
1566 3025 1686 3120 ltaque
1701 3049 1774 3094 non
1790 3026 1865 3094 sine
1880 3025 2003 3094 dolore
2021 3024 2089 3114 legi
2102 3036 2204 3094 tuam

1217 3129 1419 3219 epistolam,
1443 3128 1566 3222 inqua
1585 3128 1683 3198 iubes
1698 3149 1763 3196 uos
1778 3127 1854 3195 vela
1872 3126 2076 3208 demittere,
2099 3124 2205 3218 qussi

1216 3229 1406 3319 significes,
1438 3253 1535 3297 ame
1559 3228 1783 3298 concordiam
1807 3226 1983 3317 impediri.
2044 3222 2103 3295 An
2127 3250 2202 3296 non

1218 3330 1341 3400 videor
1360 3329 1437 3397 vela
1452 3330 1650 3413 demisisse,
1674 3353 1753 3398 cum
1771 3321 1937 3417 colaphos
1951 3327 2121 3419 accipiam
2136 3346 2202 3396 uec

1217 3430 1419 3500 manifestas
1435 3430 1583 3500 iniurias
1598 3429 1796 3520 depellam?
1826 3426 1927 3514 Scio,
1948 3427 2053 3497 illum
2068 3426 2199 3520 ubique

1217 3534 1305 3601 iaces
1330 3552 1492 3623 spargere
1511 3533 1555 3600 ad
1576 3531 1829 3600 inflammanda
1853 3530 2020 3598 adversus
2034 3527 2200 3600 mendis.

1209 3633 1350 3723 Magno
1374 3634 1498 3702 dolore
1517 3632 1678 3718 adficior,
1711 3632 1742 3701 si
1765 3630 1979 3702 tuo'iudicio
1999 3630 2106 3700 etiam
2121 3629 2205 3701 talis

1217 3735 1351 3819 videor,
1372 3734 1510 3827 qualem
1528 3734 1589 3802 ille
1603 3757 1658 3802 me
1672 3733 1766 3807 lacit.
1815 3728 1971 3801 Labores
1986 3731 2100 3802 nostri
2114 3754 2207 3802 con-

1215 3836 1427 3918 siderentur,
1453 3835 1626 3928 spinsiam
1642 3856 1755 3903 annos
1770 3831 1914 3922 triginta
1928 3832 2095 3904 sustineo.
2128 3831 2206 3903 Sed

1216 3938 1425 4006 commendo
1447 3958 1505 4004 me
1520 3932 1615 4020 Deo,
1645 3960 1685 4004 ac
1701 3946 1736 4003 te
1760 3958 1842 4012 oro,
1868 3956 1913 4002 ne
1936 3933 2083 4002 alienari
2105 3956 2127 4002 a
2146 3956 2208 4003 me
2284 3938 2297 3949 ’

1215 4038 1373 4107 animum
1400 4050 1501 4107 tuum
1527 4036 1640 4118 sinas,
1679 4036 1740 4103 sed
1765 4033 1894 4123 cogites
1919 4046 2019 4104 vetus
2045 4034 2204 4106 dictum:

1216 4131 1327 4210 οὐδὲν
1347 4129 1645 4232 κακουργότερον
1663 4130 1931 4230 διαβολῆςέστί
1944 4159 2029 4207 nov.
2081 4133 2207 4206 Multa

1215 4239 1300 4309 tstsa
1316 4238 1467 4307 crimina
1485 4237 1523 4305 in
1540 4262 1605 4307 nos
1621 4238 1869 4321 conteruntur,
1900 4259 2085 4331 quaecum
2101 4237 2208 4307 relu-

1216 4394 1445 4410 ....-...---

1281 4470 1324 4523 trs
1343 4464 1438 4530 tonis
1458 4464 1509 4520 unt
1527 4463 1570 4519 tet
1587 4460 1708 4527 fitistiim
1729 4460 1794 4516 tusa
1815 4460 1901 4525 nalem
1915 4459 2021 4522 damen
2040 4462 2154 4532 etnatltb
2172 4480 2207 4532 an

1283 4535 1361 4613 utente
1372 4535 1481 4599 mamm,
1499 4532 1586 4592 aetna
1595 4529 1671 4595 tanea
1683 4532 1711 4583 ta
1722 4532 1776 4583 ten
1790 4529 1935 4609 Martiae!
1968 4530 2062 4587 strato
2071 4530 2128 4588 tter
2139 4535 2208 4590 nte:

1283 4607 1325 4659 tec
1347 4605 1483 4723 strepente
1503 4603 1556 4656 unt
1576 4597 1702 4666 auasltntt
1722 4599 1803 4665 nttt,
1827 4602 1877 4653 nat
1897 4531 1971 4664 aas}
1995 4598 2127 4695 Oeace}
2150 4604 2209 4659 ben

1282 4664 1787 4809 fiprtecpoeu'psktpppppmpetpptmpeog
1803 4666 2101 4852 Ξὲτζέἷίιὶίῇεῗιῃιιῄιιὲῐω
2138 4669 2207 4791 ὦ

1282 4802 1633 4927 tarataram·
1644 4799 1851 4928 οοοοο
1863 4819 1950 4923 a:
1962 4802 2142 4926 οοοο
2153 4823 2209 4927 ar

1282 4952 1391 5008 natum,
1412 4950 1441 4991 ut
1455 4936 1552 4991 Florio
1562 4937 1715 4989 mandecete
1736 4938 1805 5003 „ben
1819 4939 1937 5000 litlltltttt
1949 4939 2054 5007 Udtlltn
2065 4940 2151 5002 uben
2170 4958 2208 5011 m

1281 5012 1374 5077 tanen,
1400 5007 1613 5086 minascesque
1629 5021 1655 5063 ct
1672 5004 1759 5088 tants
1772 5007 1901 5071 Soanta}
1921 5009 1990 5071 ldson
2008 5010 2032 5063 δ’
2102 5072 2108 5087 .
2165 5027 2211 5071 aa.

1280 5080 1318 5133 tte
1330 5080 1405 5140 bant
1419 5076 1523 5139 nebmm
1538 5082 1632 5141 nocte,
1650 5074 1727 5140 luno
1741 5074 1858 5131 titubent
1872 5074 1941 5141 etate
1954 5080 2005 5161 unt
2020 5024 2113 5142 attam
2138 5080 2209 5139 aad

1280 5144 1725 5289 lassataslasatas*
1737 5142 1883 5292 atleta.
1894 5149 2210 5279 lilllllllaldt

1279 5286 1330 5405 &a
1341 5283 1432 5404 Klnut'lc
1452 5281 1633 5406 milam*
1648 5276 1796 5348 {tutatast
1844 5279 1905 5334 Vsd.
1920 5280 2102 5347 setensteten
2123 5285 2204 5356 Aug.

1322 5370 1338 5403 n
1413 5386 1420 5403 .
1441 5369 1465 5419 p.
1759 5388 1762 5393 .
2040 5390 2043 5395 .
