<?xml version="1.0" encoding="UTF-8"?>
<!DOCTYPE html PUBLIC "-//W3C//DTD XHTML 1.0 Transitional//EN"
    "http://www.w3.org/TR/xhtml1/DTD/xhtml1-transitional.dtd">
<html xmlns="http://www.w3.org/1999/xhtml" xml:lang="en" lang="en">
 <head>
  <title>
</title>
<meta http-equiv="Content-Type" content="text/html;charset=utf-8" />
  <meta name='ocr-system' content='tesseract 3.04.00' />
  <meta name='ocr-capabilities' content='ocr_page ocr_carea ocr_par ocr_line ocrx_word'/>
</head>
<body>
  <div class='ocr_page' id='page_1' title='image "./philippimelanth09melagoog/philippimelanth09melagoog_0117.png"; bbox 0 0 4776 6024; ppageno 0'>
   <div class='ocr_carea' id='block_1_1' title="bbox 207 265 413 517">
    <p class='ocr_par' dir='ltr' id='par_1_1' title="bbox 207 265 413 517">
     <span class='ocr_line' id='line_1_1' title="bbox 208 265 285 347; baseline -0.052 0"><span class='ocrx_word' id='word_1_1' title='bbox 208 265 285 347; x_wconf 84' lang='grc'>185</span> 
     </span>
     <span class='ocr_line' id='line_1_2' title="bbox 207 435 413 517; baseline -0.039 0"><span class='ocrx_word' id='word_1_2' title='bbox 207 438 289 517; x_wconf 72' lang='lat' dir='ltr'>No.</span> <span class='ocrx_word' id='word_1_3' title='bbox 300 435 413 513; x_wconf 90' lang='grc'><strong>5510.</strong></span> 
     </span>
    </p>
   </div>
   <div class='ocr_carea' id='block_1_2' title="bbox 221 533 395 575">
    <p class='ocr_par' dir='ltr' id='par_1_2' title="bbox 221 533 395 575">
     <span class='ocr_line' id='line_1_3' title="bbox 221 533 395 575; baseline 0 0"><span class='ocrx_word' id='word_1_4' title='bbox 221 533 395 575; x_wconf 56' lang='grc' dir='ltr'>Μ’*</span> 
     </span>
    </p>
   </div>
   <div class='ocr_carea' id='block_1_3' title="bbox 1047 444 1197 515">
    <p class='ocr_par' dir='ltr' id='par_1_3' title="bbox 1047 444 1197 515">
     <span class='ocr_line' id='line_1_4' title="bbox 1047 444 1197 515; baseline 0 0"><span class='ocrx_word' id='word_1_5' title='bbox 1047 453 1105 515; x_wconf 69' lang='grc'><strong>17·</strong></span> <span class='ocrx_word' id='word_1_6' title='bbox 1120 444 1197 515; x_wconf 89' lang='lat' dir='ltr'>Deo.</span> 
     </span>
    </p>
   </div>
   <div class='ocr_carea' id='block_1_4' title="bbox 1032 537 1205 567">
    <p class='ocr_par' dir='ltr' id='par_1_4' title="bbox 1032 537 1205 567">
     <span class='ocr_line' id='line_1_5' title="bbox 1032 537 1205 567; baseline 0.012 -3"><span class='ocrx_word' id='word_1_7' title='bbox 1032 537 1205 567; x_wconf 50' lang='lat' dir='ltr'>m</span> 
     </span>
    </p>
   </div>
   <div class='ocr_carea' id='block_1_5' title="bbox 560 617 870 737">
    <p class='ocr_par' dir='ltr' id='par_1_5' title="bbox 560 617 870 737">
     <span class='ocr_line' id='line_1_6' title="bbox 560 617 870 737; baseline 0.016 -36"><span class='ocrx_word' id='word_1_8' title='bbox 560 617 628 704; x_wconf 88' lang='lat'>10.</span> <span class='ocrx_word' id='word_1_9' title='bbox 660 618 870 737; x_wconf 70' lang='lat' dir='ltr'>Stipele‘o.</span> 
     </span>
    </p>
   </div>
   <div class='ocr_carea' id='block_1_6' title="bbox 284 790 1133 867">
    <p class='ocr_par' dir='ltr' id='par_1_6' title="bbox 284 790 1133 867">
     <span class='ocr_line' id='line_1_7' title="bbox 284 790 1133 867; baseline -0.001 -15"><span class='ocrx_word' id='word_1_10' title='bbox 284 798 375 853; x_wconf 80' lang='lat' dir='ltr'>Deus.</span> <span class='ocrx_word' id='word_1_11' title='bbox 395 810 459 865; x_wconf 80' lang='lat' dir='ltr'>epp.</span> <span class='ocrx_word' id='word_1_12' title='bbox 475 792 508 846; x_wconf 88' lang='lat' dir='ltr'>ad</span> <span class='ocrx_word' id='word_1_13' title='bbox 521 790 616 861; x_wconf 65' lang='lat' dir='ltr'>suget.</span> <span class='ocrx_word' id='word_1_14' title='bbox 629 809 672 863; x_wconf 92' lang='lat' dir='ltr'>ep.</span> <span class='ocrx_word' id='word_1_15' title='bbox 684 791 727 851; x_wconf 81' lang='lat' dir='ltr'>ts.</span> <span class='ocrx_word' id='word_1_16' title='bbox 764 792 833 849; x_wconf 82' lang='grc'><strong>(188.</strong></span> <span class='ocrx_word' id='word_1_17' title='bbox 851 791 934 851; x_wconf 86' lang='lat' dir='ltr'>Goth.</span> <span class='ocrx_word' id='word_1_18' title='bbox 946 793 1003 847; x_wconf 89' lang='grc'><strong>188.</strong></span> <span class='ocrx_word' id='word_1_19' title='bbox 1017 814 1058 867; x_wconf 89' lang='lat' dir='ltr'>ep.</span> <span class='ocrx_word' id='word_1_20' title='bbox 1076 794 1133 852; x_wconf 73' lang='lat'>142</span> 
     </span>
    </p>
   </div>
   <div class='ocr_carea' id='block_1_7' title="bbox 212 946 1209 1251">
    <p class='ocr_par' dir='ltr' id='par_1_7' title="bbox 212 946 1209 1251">
     <span class='ocr_line' id='line_1_8' title="bbox 215 946 1209 1042; baseline -0.001 -17"><span class='ocrx_word' id='word_1_21' title='bbox 215 949 442 1028; x_wconf 66' lang='lat' dir='ltr'>Clarissimo</span> <span class='ocrx_word' id='word_1_22' title='bbox 464 946 562 1034; x_wconf 84' lang='lat' dir='ltr'>viro,</span> <span class='ocrx_word' id='word_1_23' title='bbox 594 949 763 1042; x_wconf 76' lang='lat' dir='ltr'>ingenio,</span> <span class='ocrx_word' id='word_1_24' title='bbox 796 948 999 1020; x_wconf 79' lang='lat' dir='ltr'><em>eruditione</em></span> <span class='ocrx_word' id='word_1_25' title='bbox 1024 963 1055 1021; x_wconf 85' lang='lat' dir='ltr'>et</span> <span class='ocrx_word' id='word_1_26' title='bbox 1081 952 1209 1024; x_wconf 73' lang='lat' dir='ltr'>virtute</span> 
     </span>
     <span class='ocr_line' id='line_1_9' title="bbox 212 1044 1206 1154; baseline -0.001 -29"><span class='ocrx_word' id='word_1_27' title='bbox 212 1044 443 1154; x_wconf 73' lang='lat' dir='ltr'>praestanti,</span> <span class='ocrx_word' id='word_1_28' title='bbox 477 1046 534 1121; x_wconf 88' lang='lat' dir='ltr'>D.</span> <span class='ocrx_word' id='word_1_29' title='bbox 562 1046 588 1117; x_wconf 91' lang='lat' dir='ltr'><em>I</em></span> <span class='ocrx_word' id='word_1_30' title='bbox 595 1050 742 1123; x_wconf 84' lang='lat' dir='ltr'>oanni</span> <span class='ocrx_word' id='word_1_31' title='bbox 766 1046 993 1145; x_wconf 75' lang='lat' dir='ltr'>Stigelio,</span> <span class='ocrx_word' id='word_1_32' title='bbox 1027 1059 1082 1149; x_wconf 75' lang='grc' dir='ltr'>τῷ</span> <span class='ocrx_word' id='word_1_33' title='bbox 1116 1056 1206 1149; x_wconf 74' lang='grc' dir='ltr'>θεῷ,</span> 
     </span>
     <span class='ocr_line' id='line_1_10' title="bbox 214 1145 1206 1251; baseline -0.001 -22"><span class='ocrx_word' id='word_1_34' title='bbox 214 1152 280 1230; x_wconf 74' lang='grc' dir='ltr'>καὶ</span> <span class='ocrx_word' id='word_1_35' title='bbox 300 1156 382 1236; x_wconf 79' lang='grc' dir='ltr'><strong><em>ταῖς</em></strong></span> <span class='ocrx_word' id='word_1_36' title='bbox 402 1145 601 1239; x_wconf 77' lang='grc' dir='ltr'><strong><em>Μούσαις,</em></strong></span> <span class='ocrx_word' id='word_1_37' title='bbox 628 1145 813 1247; x_wconf 79' lang='grc' dir='ltr'><strong><em>φιλτάτῳ,</em></strong></span> <span class='ocrx_word' id='word_1_38' title='bbox 838 1152 966 1251; x_wconf 85' lang='lat' dir='ltr'>fratri</span> <span class='ocrx_word' id='word_1_39' title='bbox 987 1179 1054 1224; x_wconf 85' lang='lat' dir='ltr'>suo</span> <span class='ocrx_word' id='word_1_40' title='bbox 1078 1157 1206 1228; x_wconf 77' lang='lat' dir='ltr'>caries·</span> 
     </span>
    </p>
   </div>
   <div class='ocr_carea' id='block_1_8' title="bbox 658 1251 766 1325">
    <p class='ocr_par' dir='ltr' id='par_1_8' title="bbox 658 1251 766 1325">
     <span class='ocr_line' id='line_1_11' title="bbox 658 1251 766 1325; baseline -0.037 0"><span class='ocrx_word' id='word_1_41' title='bbox 658 1252 696 1324; x_wconf 86' lang='lat' dir='ltr'>S.</span> <span class='ocrx_word' id='word_1_42' title='bbox 723 1251 766 1325; x_wconf 84' lang='lat'>1).</span> 
     </span>
    </p>
   </div>
   <div class='ocr_carea' id='block_1_9' title="bbox 215 1390 1206 1592">
    <p class='ocr_par' dir='ltr' id='par_1_9' title="bbox 215 1390 1206 1592">
     <span class='ocr_line' id='line_1_12' title="bbox 217 1390 1206 1499; baseline 0.001 -25"><span class='ocrx_word' id='word_1_43' title='bbox 217 1390 372 1480; x_wconf 72' lang='lat' dir='ltr'>clariss.</span> <span class='ocrx_word' id='word_1_44' title='bbox 387 1400 442 1469; x_wconf 85' lang='lat' dir='ltr'>vir</span> <span class='ocrx_word' id='word_1_45' title='bbox 454 1412 487 1469; x_wconf 89' lang='lat' dir='ltr'>et</span> <span class='ocrx_word' id='word_1_46' title='bbox 503 1399 620 1470; x_wconf 84' lang='lat' dir='ltr'>cariss.</span> <span class='ocrx_word' id='word_1_47' title='bbox 634 1398 753 1472; x_wconf 83' lang='lat' dir='ltr'>irater.</span> <span class='ocrx_word' id='word_1_48' title='bbox 795 1398 896 1469; x_wconf 87' lang='lat' dir='ltr'>Tuae</span> <span class='ocrx_word' id='word_1_49' title='bbox 914 1400 1106 1496; x_wconf 85' lang='lat' dir='ltr'>Halcyonis</span> <span class='ocrx_word' id='word_1_50' title='bbox 1120 1432 1206 1499; x_wconf 89' lang='lat' dir='ltr'>qne-</span> 
     </span>
     <span class='ocr_line' id='line_1_13' title="bbox 215 1499 1049 1592; baseline -0.001 -17"><span class='ocrx_word' id='word_1_51' title='bbox 215 1506 330 1575; x_wconf 82' lang='lat' dir='ltr'>relam</span> <span class='ocrx_word' id='word_1_52' title='bbox 342 1503 480 1591; x_wconf 79' lang='lat' dir='ltr'>legens,</span> <span class='ocrx_word' id='word_1_53' title='bbox 502 1499 646 1590; x_wconf 88' lang='lat' dir='ltr'>optimis</span> <span class='ocrx_word' id='word_1_54' title='bbox 659 1523 856 1592; x_wconf 79' lang='lat' dir='ltr'>expressam</span> <span class='ocrx_word' id='word_1_55' title='bbox 875 1504 1049 1573; x_wconf 88' lang='lat' dir='ltr'>versibus:</span> 
     </span>
    </p>
   </div>
   <div class='ocr_carea' id='block_1_10' title="bbox 316 1641 1180 1827">
    <p class='ocr_par' dir='ltr' id='par_1_10' title="bbox 316 1641 1180 1827">
     <span class='ocr_line' id='line_1_14' title="bbox 316 1641 1180 1717; baseline 0.003 -13"><span class='ocrx_word' id='word_1_56' title='bbox 316 1641 385 1704; x_wconf 81' lang='lat' dir='ltr'>Vos</span> <span class='ocrx_word' id='word_1_57' title='bbox 409 1660 533 1702; x_wconf 82' lang='lat' dir='ltr'>nemora</span> <span class='ocrx_word' id='word_1_58' title='bbox 554 1653 584 1701; x_wconf 84' lang='lat' dir='ltr'>et</span> <span class='ocrx_word' id='word_1_59' title='bbox 608 1653 744 1717; x_wconf 88' lang='lat' dir='ltr'>montes,</span> <span class='ocrx_word' id='word_1_60' title='bbox 781 1654 810 1702; x_wconf 89' lang='lat' dir='ltr'>et</span> <span class='ocrx_word' id='word_1_61' title='bbox 834 1654 868 1702; x_wconf 90' lang='lat' dir='ltr'>tu</span> <span class='ocrx_word' id='word_1_62' title='bbox 896 1646 1065 1705; x_wconf 83' lang='lat' dir='ltr'>saevissime</span> <span class='ocrx_word' id='word_1_63' title='bbox 1084 1645 1180 1708; x_wconf 84' lang='lat' dir='ltr'>Ponte</span> 
     </span>
     <span class='ocr_line' id='line_1_15' title="bbox 316 1743 1054 1827; baseline 0.005 -24"><span class='ocrx_word' id='word_1_64' title='bbox 316 1745 460 1808; x_wconf 78' lang='lat' dir='ltr'>Audistis</span> <span class='ocrx_word' id='word_1_65' title='bbox 482 1745 627 1823; x_wconf 75' lang='lat' dir='ltr'>gemitus,</span> <span class='ocrx_word' id='word_1_66' title='bbox 654 1743 875 1825; x_wconf 69' lang='lat' dir='ltr'>indefessosque</span> <span class='ocrx_word' id='word_1_67' title='bbox 902 1750 1054 1827; x_wconf 75' lang='lat' dir='ltr'>querelas:</span> 
     </span>
    </p>
   </div>
   <div class='ocr_carea' id='block_1_11' title="bbox 208 1862 1204 3811">
    <p class='ocr_par' dir='ltr' id='par_1_11' title="bbox 208 1862 1204 3252">
     <span class='ocr_line' id='line_1_16' title="bbox 214 1862 1204 1963; baseline 0.003 -23"><span class='ocrx_word' id='word_1_68' title='bbox 214 1870 409 1963; x_wconf 79' lang='lat' dir='ltr'>cogitabam</span> <span class='ocrx_word' id='word_1_69' title='bbox 426 1881 462 1938; x_wconf 86' lang='lat' dir='ltr'>et</span> <span class='ocrx_word' id='word_1_70' title='bbox 484 1868 528 1938; x_wconf 82' lang='lat' dir='ltr'>(le</span> <span class='ocrx_word' id='word_1_71' title='bbox 544 1862 739 1948; x_wconf 80' lang='lat' dir='ltr'>Ecclesiae,</span> <span class='ocrx_word' id='word_1_72' title='bbox 766 1882 800 1938; x_wconf 82' lang='lat' dir='ltr'>ct</span> <span class='ocrx_word' id='word_1_73' title='bbox 818 1872 861 1937; x_wconf 88' lang='lat' dir='ltr'>de</span> <span class='ocrx_word' id='word_1_74' title='bbox 878 1867 1090 1940; x_wconf 74' lang='lat' dir='ltr'>Germaniae</span> <span class='ocrx_word' id='word_1_75' title='bbox 1107 1876 1204 1943; x_wconf 88' lang='lat' dir='ltr'>orbi-</span> 
     </span>
     <span class='ocr_line' id='line_1_17' title="bbox 214 1966 1203 2063; baseline 0.002 -20"><span class='ocrx_word' id='word_1_76' title='bbox 214 1987 296 2047; x_wconf 86' lang='lat' dir='ltr'>tate.</span> <span class='ocrx_word' id='word_1_77' title='bbox 345 1966 506 2063; x_wconf 80' lang='lat' dir='ltr'>Utraque</span> <span class='ocrx_word' id='word_1_78' title='bbox 526 1968 621 2038; x_wconf 91' lang='lat' dir='ltr'>euim</span> <span class='ocrx_word' id='word_1_79' title='bbox 643 1994 738 2039; x_wconf 90' lang='lat' dir='ltr'>nunc</span> <span class='ocrx_word' id='word_1_80' title='bbox 755 1971 791 2038; x_wconf 92' lang='lat' dir='ltr'>iu</span> <span class='ocrx_word' id='word_1_81' title='bbox 812 1996 938 2059; x_wconf 87' lang='lat' dir='ltr'>magno</span> <span class='ocrx_word' id='word_1_82' title='bbox 957 1973 1053 2042; x_wconf 92' lang='lat' dir='ltr'>luctu</span> <span class='ocrx_word' id='word_1_83' title='bbox 1073 1989 1140 2057; x_wconf 88' lang='lat' dir='ltr'>est,</span> <span class='ocrx_word' id='word_1_84' title='bbox 1165 2003 1203 2045; x_wconf 90' lang='lat' dir='ltr'>ac</span> 
     </span>
     <span class='ocr_line' id='line_1_18' title="bbox 212 2071 1203 2163; baseline -0.001 -17"><span class='ocrx_word' id='word_1_85' title='bbox 212 2089 249 2146; x_wconf 90' lang='grc'>18</span> <span class='ocrx_word' id='word_1_86' title='bbox 273 2072 385 2143; x_wconf 89' lang='lat' dir='ltr'>civem</span> <span class='ocrx_word' id='word_1_87' title='bbox 417 2071 601 2163; x_wconf 89' lang='lat' dir='ltr'>utriusque</span> <span class='ocrx_word' id='word_1_88' title='bbox 634 2071 704 2139; x_wconf 88' lang='lat' dir='ltr'>scio</span> <span class='ocrx_word' id='word_1_89' title='bbox 739 2074 917 2140; x_wconf 89' lang='lat' dir='ltr'>communi</span> <span class='ocrx_word' id='word_1_90' title='bbox 949 2076 1071 2142; x_wconf 87' lang='lat' dir='ltr'>dolore</span> <span class='ocrx_word' id='word_1_91' title='bbox 1101 2078 1203 2145; x_wconf 88' lang='lat' dir='ltr'>valde</span> 
     </span>
     <span class='ocr_line' id='line_1_19' title="bbox 208 2171 1200 2268; baseline -0.002 -22"><span class='ocrx_word' id='word_1_92' title='bbox 208 2174 314 2248; x_wconf 82' lang='lat' dir='ltr'>affici.</span> <span class='ocrx_word' id='word_1_93' title='bbox 365 2171 436 2245; x_wconf 84' lang='lat' dir='ltr'>Sed</span> <span class='ocrx_word' id='word_1_94' title='bbox 452 2172 534 2243; x_wconf 87' lang='lat' dir='ltr'>talia</span> <span class='ocrx_word' id='word_1_95' title='bbox 551 2186 634 2242; x_wconf 86' lang='lat' dir='ltr'>sunt</span> <span class='ocrx_word' id='word_1_96' title='bbox 648 2174 716 2239; x_wconf 79' lang='lat' dir='ltr'>fala</span> <span class='ocrx_word' id='word_1_97' title='bbox 735 2187 890 2241; x_wconf 89' lang='lat' dir='ltr'>senectae</span> <span class='ocrx_word' id='word_1_98' title='bbox 905 2176 1047 2259; x_wconf 82' lang='lat' dir='ltr'>mundi3</span> <span class='ocrx_word' id='word_1_99' title='bbox 1076 2177 1112 2243; x_wconf 93' lang='lat' dir='ltr'>in</span> <span class='ocrx_word' id='word_1_100' title='bbox 1132 2204 1200 2268; x_wconf 88' lang='lat' dir='ltr'>qua</span> 
     </span>
     <span class='ocr_line' id='line_1_20' title="bbox 209 2269 1202 2366; baseline 0.002 -22"><span class='ocrx_word' id='word_1_101' title='bbox 209 2292 336 2349; x_wconf 77' lang='lat' dir='ltr'>tamen</span> <span class='ocrx_word' id='word_1_102' title='bbox 355 2272 449 2343; x_wconf 81' lang='grc'><strong>81188</strong></span> <span class='ocrx_word' id='word_1_103' title='bbox 469 2270 538 2342; x_wconf 87' lang='lat' dir='ltr'>Dei</span> <span class='ocrx_word' id='word_1_104' title='bbox 558 2295 641 2341; x_wconf 89' lang='lat' dir='ltr'>suae</span> <span class='ocrx_word' id='word_1_105' title='bbox 662 2269 839 2342; x_wconf 84' lang='lat' dir='ltr'>Ecclesiae</span> <span class='ocrx_word' id='word_1_106' title='bbox 862 2275 979 2366; x_wconf 90' lang='lat' dir='ltr'>aliqua</span> <span class='ocrx_word' id='word_1_107' title='bbox 1001 2278 1099 2345; x_wconf 87' lang='lat' dir='ltr'>dabit</span> <span class='ocrx_word' id='word_1_108' title='bbox 1114 2277 1202 2345; x_wconf 82' lang='lat' dir='ltr'>ilal-</span> 
     </span>
     <span class='ocr_line' id='line_1_21' title="bbox 214 2375 1201 2469; baseline 0.008 -26"><span class='ocrx_word' id='word_1_109' title='bbox 214 2375 365 2469; x_wconf 55' lang='grc'><strong>888818,</strong></span> <span class='ocrx_word' id='word_1_110' title='bbox 395 2397 496 2466; x_wconf 87' lang='lat' dir='ltr'>quern</span> <span class='ocrx_word' id='word_1_111' title='bbox 521 2396 603 2458; x_wconf 92' lang='lat' dir='ltr'>oro,</span> <span class='ocrx_word' id='word_1_112' title='bbox 633 2388 673 2444; x_wconf 88' lang='lat' dir='ltr'>ut</span> <span class='ocrx_word' id='word_1_113' title='bbox 696 2398 761 2442; x_wconf 91' lang='lat' dir='ltr'>nos</span> <span class='ocrx_word' id='word_1_114' title='bbox 783 2376 955 2463; x_wconf 81' lang='lat' dir='ltr'>gubernet</span> <span class='ocrx_word' id='word_1_115' title='bbox 978 2393 1011 2446; x_wconf 87' lang='lat' dir='ltr'>et</span> <span class='ocrx_word' id='word_1_116' title='bbox 1036 2391 1201 2467; x_wconf 77' lang='lat' dir='ltr'>protegat.</span> 
     </span>
     <span class='ocr_line' id='line_1_22' title="bbox 214 2472 1203 2568; baseline 0.001 -22"><span class='ocrx_word' id='word_1_117' title='bbox 214 2472 391 2565; x_wconf 81' lang='lat' dir='ltr'>Exempla</span> <span class='ocrx_word' id='word_1_118' title='bbox 404 2473 470 2543; x_wconf 87' lang='lat' dir='ltr'>tibi</span> <span class='ocrx_word' id='word_1_119' title='bbox 479 2473 579 2544; x_wconf 83' lang='lat' dir='ltr'>mitto</span> <span class='ocrx_word' id='word_1_120' title='bbox 592 2475 786 2543; x_wconf 86' lang='lat' dir='ltr'>dulcissimi</span> <span class='ocrx_word' id='word_1_121' title='bbox 803 2478 968 2545; x_wconf 80' lang='lat' dir='ltr'>carminis</span> <span class='ocrx_word' id='word_1_122' title='bbox 983 2481 1048 2558; x_wconf 89' lang='lat' dir='ltr'>tui,</span> <span class='ocrx_word' id='word_1_123' title='bbox 1074 2494 1107 2549; x_wconf 85' lang='lat' dir='ltr'>et</span> <span class='ocrx_word' id='word_1_124' title='bbox 1123 2503 1203 2568; x_wconf 82' lang='lat' dir='ltr'>gra-</span> 
     </span>
     <span class='ocr_line' id='line_1_23' title="bbox 215 2568 1202 2670; baseline -0.001 -21"><span class='ocrx_word' id='word_1_125' title='bbox 215 2576 306 2649; x_wconf 83' lang='lat' dir='ltr'>siam</span> <span class='ocrx_word' id='word_1_126' title='bbox 323 2568 434 2644; x_wconf 85' lang='lat' dir='ltr'>habeo</span> <span class='ocrx_word' id='word_1_127' title='bbox 454 2574 519 2644; x_wconf 89' lang='lat' dir='ltr'>tibi</span> <span class='ocrx_word' id='word_1_128' title='bbox 536 2589 569 2645; x_wconf 89' lang='lat' dir='ltr'>et</span> <span class='ocrx_word' id='word_1_129' title='bbox 584 2572 689 2664; x_wconf 91' lang='lat' dir='ltr'>lopae</span> <span class='ocrx_word' id='word_1_130' title='bbox 702 2574 748 2670; x_wconf 89' lang='lat'>¹),</span> <span class='ocrx_word' id='word_1_131' title='bbox 774 2600 837 2666; x_wconf 92' lang='lat' dir='ltr'>pro</span> <span class='ocrx_word' id='word_1_132' title='bbox 855 2573 1102 2648; x_wconf 87' lang='lat' dir='ltr'>honestissimo</span> <span class='ocrx_word' id='word_1_133' title='bbox 1123 2582 1202 2648; x_wconf 87' lang='grc'><strong>8111-</strong></span> 
     </span>
     <span class='ocr_line' id='line_1_24' title="bbox 214 2674 1202 2773; baseline -0.002 -25"><span class='ocrx_word' id='word_1_134' title='bbox 214 2677 272 2748; x_wconf 90' lang='lat' dir='ltr'>cio</span> <span class='ocrx_word' id='word_1_135' title='bbox 301 2688 336 2744; x_wconf 80' lang='grc'>81</span> <span class='ocrx_word' id='word_1_136' title='bbox 360 2674 500 2773; x_wconf 81' lang='lat' dir='ltr'>labore,</span> <span class='ocrx_word' id='word_1_137' title='bbox 533 2700 638 2768; x_wconf 87' lang='lat' dir='ltr'>quem</span> <span class='ocrx_word' id='word_1_138' title='bbox 663 2677 799 2745; x_wconf 86' lang='lat' dir='ltr'>utinam</span> <span class='ocrx_word' id='word_1_139' title='bbox 820 2677 933 2767; x_wconf 90' lang='lat' dir='ltr'>pluris</span> <span class='ocrx_word' id='word_1_140' title='bbox 958 2679 1111 2749; x_wconf 83' lang='lat' dir='ltr'>lacerent</span> <span class='ocrx_word' id='word_1_141' title='bbox 1136 2680 1202 2764; x_wconf 90' lang='lat' dir='ltr'>illi,</span> 
     </span>
     <span class='ocr_line' id='line_1_25' title="bbox 212 2772 1202 2872; baseline 0.004 -25"><span class='ocrx_word' id='word_1_142' title='bbox 212 2772 407 2872; x_wconf 83' lang='lat' dir='ltr'>quosDeus</span> <span class='ocrx_word' id='word_1_143' title='bbox 422 2777 459 2845; x_wconf 89' lang='lat' dir='ltr'>in</span> <span class='ocrx_word' id='word_1_144' title='bbox 472 2776 611 2867; x_wconf 77' lang='lat' dir='ltr'>fastigio</span> <span class='ocrx_word' id='word_1_145' title='bbox 626 2800 744 2846; x_wconf 88' lang='lat' dir='ltr'>rerum</span> <span class='ocrx_word' id='word_1_146' title='bbox 761 2773 998 2848; x_wconf 86' lang='lat' dir='ltr'>humanarum</span> <span class='ocrx_word' id='word_1_147' title='bbox 1016 2783 1202 2871; x_wconf 79' lang='lat' dir='ltr'>praecipue</span> 
     </span>
     <span class='ocr_line' id='line_1_26' title="bbox 211 2872 1200 2961; baseline 0.002 -12"><span class='ocrx_word' id='word_1_148' title='bbox 211 2881 261 2949; x_wconf 92' lang='lat' dir='ltr'>ob</span> <span class='ocrx_word' id='word_1_149' title='bbox 287 2872 380 2947; x_wconf 90' lang='lat' dir='ltr'>hanc</span> <span class='ocrx_word' id='word_1_150' title='bbox 401 2900 541 2947; x_wconf 66' lang='lat' dir='ltr'>cauum</span> <span class='ocrx_word' id='word_1_151' title='bbox 565 2879 768 2961; x_wconf 89' lang='lat' dir='ltr'>collocavit,</span> <span class='ocrx_word' id='word_1_152' title='bbox 800 2892 840 2948; x_wconf 88' lang='lat' dir='ltr'>nt</span> <span class='ocrx_word' id='word_1_153' title='bbox 864 2879 935 2951; x_wconf 89' lang='lat' dir='ltr'>sint</span> <span class='ocrx_word' id='word_1_154' title='bbox 959 2883 1200 2952; x_wconf 77' lang='lat' dir='ltr'>doctrinarum</span> 
     </span>
     <span class='ocr_line' id='line_1_27' title="bbox 210 2976 1202 3064; baseline 0.002 -15"><span class='ocrx_word' id='word_1_155' title='bbox 210 2981 398 3054; x_wconf 66' lang='grc' dir='ltr'>8118181181.ι</span> <span class='ocrx_word' id='word_1_156' title='bbox 436 2976 507 3051; x_wconf 78' lang='lat' dir='ltr'>Sed</span> <span class='ocrx_word' id='word_1_157' title='bbox 540 2981 721 3049; x_wconf 78' lang='lat' dir='ltr'>teneamus</span> <span class='ocrx_word' id='word_1_158' title='bbox 756 2994 877 3048; x_wconf 87' lang='lat' dir='ltr'>notam</span> <span class='ocrx_word' id='word_1_159' title='bbox 913 2983 1202 3064; x_wconf 80' lang='lat' dir='ltr'>consolationem,</span> 
     </span>
     <span class='ocr_line' id='line_1_28' title="bbox 212 3076 1201 3177; baseline 0.005 -25"><span class='ocrx_word' id='word_1_160' title='bbox 212 3102 324 3177; x_wconf 78' lang='lat' dir='ltr'>quam</span> <span class='ocrx_word' id='word_1_161' title='bbox 354 3096 391 3153; x_wconf 81' lang='lat' dir='ltr'>et</span> <span class='ocrx_word' id='word_1_162' title='bbox 413 3078 579 3151; x_wconf 85' lang='lat' dir='ltr'>Clemens</span> <span class='ocrx_word' id='word_1_163' title='bbox 604 3076 866 3151; x_wconf 78' lang='lat' dir='ltr'>Alexandrinus</span> <span class='ocrx_word' id='word_1_164' title='bbox 892 3109 932 3152; x_wconf 82' lang='lat' dir='ltr'>ex</span> <span class='ocrx_word' id='word_1_165' title='bbox 959 3087 1067 3154; x_wconf 89' lang='lat' dir='ltr'>veteri</span> <span class='ocrx_word' id='word_1_166' title='bbox 1094 3084 1201 3157; x_wconf 82' lang='lat' dir='ltr'>Poeta</span> 
     </span>
     <span class='ocr_line' id='line_1_29' title="bbox 214 3182 354 3252; baseline -0.021 0"><span class='ocrx_word' id='word_1_167' title='bbox 214 3182 354 3252; x_wconf 83' lang='lat' dir='ltr'>recitat:</span> 
     </span>
    </p>

    <p class='ocr_par' dir='ltr' id='par_1_12' title="bbox 316 3305 1063 3394">
     <span class='ocr_line' id='line_1_30' title="bbox 316 3305 1063 3394; baseline 0.005 -22"><span class='ocrx_word' id='word_1_168' title='bbox 316 3305 371 3373; x_wconf 74' lang='grc' dir='ltr'>ὅθ’</span> <span class='ocrx_word' id='word_1_169' title='bbox 394 3305 503 3374; x_wconf 65' lang='grc'><strong>888888</strong></span> <span class='ocrx_word' id='word_1_170' title='bbox 523 3306 621 3391; x_wconf 72' lang='lat' dir='ltr'>ripere}</span> <span class='ocrx_word' id='word_1_171' title='bbox 644 3314 707 3373; x_wconf 79' lang='grc' dir='ltr'>τῶν</span> <span class='ocrx_word' id='word_1_172' title='bbox 729 3310 762 3374; x_wconf 78' lang='lat' dir='ltr'>iv</span> <span class='ocrx_word' id='word_1_173' title='bbox 783 3309 964 3393; x_wconf 74' lang='grc' dir='ltr'>ἀνθρώποις</span> <span class='ocrx_word' id='word_1_174' title='bbox 981 3308 1063 3394; x_wconf 74' lang='grc' dir='ltr'>μόνη</span> 
     </span>
    </p>

    <p class='ocr_par' dir='ltr' id='par_1_13' title="bbox 318 3390 1132 3478">
     <span class='ocr_line' id='line_1_31' title="bbox 318 3390 1132 3478; baseline -0.001 -22"><span class='ocrx_word' id='word_1_175' title='bbox 318 3390 377 3456; x_wconf 77' lang='lat' dir='ltr'>eds</span> <span class='ocrx_word' id='word_1_176' title='bbox 397 3391 432 3456; x_wconf 74' lang='grc' dir='ltr'>ἔκ</span> <span class='ocrx_word' id='word_1_177' title='bbox 452 3395 596 3478; x_wconf 73' lang='grc' dir='ltr'><strong><em>θυραίων</em></strong></span> <span class='ocrx_word' id='word_1_178' title='bbox 616 3392 656 3457; x_wconf 77' lang='lat' dir='ltr'>soi</span> <span class='ocrx_word' id='word_1_179' title='bbox 680 3394 814 3477; x_wconf 71' lang='grc' dir='ltr'>ἱπίχειρα</span> <span class='ocrx_word' id='word_1_180' title='bbox 837 3393 1001 3474; x_wconf 78' lang='grc' dir='ltr'>λαμβάνει·</span> <span class='ocrx_word' id='word_1_181' title='bbox 1128 3448 1132 3455; x_wconf 92' lang='grc'><em>,</em></span> 
     </span>
    </p>

    <p class='ocr_par' dir='ltr' id='par_1_14' title="bbox 211 3469 1000 3669">
     <span class='ocr_line' id='line_1_32' title="bbox 319 3469 1000 3560; baseline 0.003 -20"><span class='ocrx_word' id='word_1_182' title='bbox 319 3474 402 3560; x_wconf 68' lang='lat' dir='ltr'>cairi]</span> <span class='ocrx_word' id='word_1_183' title='bbox 424 3476 457 3542; x_wconf 81' lang='grc' dir='ltr'>δ’</span> <span class='ocrx_word' id='word_1_184' title='bbox 478 3474 593 3560; x_wconf 69' lang='grc' dir='ltr'><strong><em>ἑαυτὴν</em></strong></span> <span class='ocrx_word' id='word_1_185' title='bbox 614 3469 701 3542; x_wconf 74' lang='lat' dir='ltr'>iota</span> <span class='ocrx_word' id='word_1_186' title='bbox 723 3484 786 3542; x_wconf 78' lang='grc' dir='ltr'>τῶν</span> <span class='ocrx_word' id='word_1_187' title='bbox 807 3480 911 3543; x_wconf 81' lang='grc' dir='ltr'>πόνων</span> <span class='ocrx_word' id='word_1_188' title='bbox 933 3478 1000 3560; x_wconf 65' lang='grc' dir='ltr'><strong>ἔχει.</strong></span> 
     </span>
     <span class='ocr_line' id='line_1_33' title="bbox 211 3593 984 3669; baseline 0.003 -3"><span class='ocrx_word' id='word_1_189' title='bbox 211 3593 364 3666; x_wconf 80' lang='lat' dir='ltr'>Rectius</span> <span class='ocrx_word' id='word_1_190' title='bbox 380 3608 495 3665; x_wconf 89' lang='lat' dir='ltr'>autem</span> <span class='ocrx_word' id='word_1_191' title='bbox 510 3620 574 3667; x_wconf 91' lang='lat' dir='ltr'>nos</span> <span class='ocrx_word' id='word_1_192' title='bbox 589 3599 627 3667; x_wconf 90' lang='lat' dir='ltr'>in</span> <span class='ocrx_word' id='word_1_193' title='bbox 646 3595 804 3669; x_wconf 86' lang='lat' dir='ltr'>Ecclesia</span> <span class='ocrx_word' id='word_1_194' title='bbox 820 3601 984 3668; x_wconf 91' lang='lat' dir='ltr'>dicimus:</span> 
     </span>
    </p>

    <p class='ocr_par' dir='ltr' id='par_1_15' title="bbox 369 3716 1010 3811">
     <span class='ocr_line' id='line_1_34' title="bbox 369 3716 1010 3811; baseline 0.006 -24"><span class='ocrx_word' id='word_1_195' title='bbox 369 3719 452 3798; x_wconf 71' lang='lat' dir='ltr'>Geir</span> <span class='ocrx_word' id='word_1_196' title='bbox 472 3722 505 3787; x_wconf 78' lang='grc' dir='ltr'>δ’</span> <span class='ocrx_word' id='word_1_197' title='bbox 525 3716 610 3791; x_wconf 73' lang='lat' dir='ltr'>ieta</span> <span class='ocrx_word' id='word_1_198' title='bbox 632 3720 724 3792; x_wconf 76' lang='lat' dir='ltr'>doinst</span> <span class='ocrx_word' id='word_1_199' title='bbox 743 3726 878 3808; x_wconf 67' lang='grc'><strong>81888818</strong></span> <span class='ocrx_word' id='word_1_200' title='bbox 899 3725 1010 3811; x_wconf 72' lang='lat' dir='ltr'>nisus.</span> 
     </span>
    </p>
   </div>
   <div class='ocr_carea' id='block_1_12' title="bbox 214 3837 1201 4038">
    <p class='ocr_par' dir='ltr' id='par_1_16' title="bbox 214 3837 1201 4038">
     <span class='ocr_line' id='line_1_35' title="bbox 215 3837 1201 3939; baseline 0.003 -29"><span class='ocrx_word' id='word_1_201' title='bbox 215 3837 307 3910; x_wconf 81' lang='lat' dir='ltr'>Tibi</span> <span class='ocrx_word' id='word_1_202' title='bbox 320 3839 444 3929; x_wconf 69' lang='lat' dir='ltr'>igitur,</span> <span class='ocrx_word' id='word_1_203' title='bbox 464 3844 658 3939; x_wconf 85' lang='lat' dir='ltr'>illustranti</span> <span class='ocrx_word' id='word_1_204' title='bbox 671 3847 819 3937; x_wconf 83' lang='lat' dir='ltr'>gloriam</span> <span class='ocrx_word' id='word_1_205' title='bbox 836 3843 993 3932; x_wconf 84' lang='lat' dir='ltr'>Christi,</span> <span class='ocrx_word' id='word_1_206' title='bbox 1017 3859 1051 3917; x_wconf 87' lang='lat' dir='ltr'>et</span> <span class='ocrx_word' id='word_1_207' title='bbox 1064 3845 1201 3915; x_wconf 91' lang='lat' dir='ltr'>iuvanti</span> 
     </span>
     <span class='ocr_line' id='line_1_36' title="bbox 214 3941 1201 4038; baseline 0.003 -26"><span class='ocrx_word' id='word_1_208' title='bbox 214 3941 424 4017; x_wconf 75' lang='grc'><strong>8188881188</strong></span> <span class='ocrx_word' id='word_1_209' title='bbox 457 3947 593 4028; x_wconf 87' lang='lat' dir='ltr'>studia,</span> <span class='ocrx_word' id='word_1_210' title='bbox 632 3948 786 4017; x_wconf 87' lang='lat' dir='ltr'>vicissim</span> <span class='ocrx_word' id='word_1_211' title='bbox 820 3946 917 4018; x_wconf 89' lang='lat' dir='ltr'>Deus</span> <span class='ocrx_word' id='word_1_212' title='bbox 952 3947 1145 4018; x_wconf 84' lang='lat' dir='ltr'>benefaciet</span> <span class='ocrx_word' id='word_1_213' title='bbox 1159 3944 1201 4038; x_wconf 87' lang='lat'>¹).</span> 
     </span>
    </p>
   </div>
   <div class='ocr_carea' id='block_1_13' title="bbox 210 4034 1202 4351">
    <p class='ocr_par' dir='ltr' id='par_1_17' title="bbox 210 4034 1202 4351">
     <span class='ocr_line' id='line_1_37' title="bbox 211 4034 1202 4142; baseline 0.003 -29"><span class='ocrx_word' id='word_1_214' title='bbox 211 4034 388 4138; x_wconf 57' lang='lat' dir='ltr'>&amp;lingo</span> <span class='ocrx_word' id='word_1_215' title='bbox 400 4048 639 4136; x_wconf 87' lang='lat' dir='ltr'>praestitimus</span> <span class='ocrx_word' id='word_1_216' title='bbox 653 4050 819 4132; x_wconf 85' lang='lat' dir='ltr'>officium,</span> <span class='ocrx_word' id='word_1_217' title='bbox 840 4052 934 4142; x_wconf 83' lang='lat' dir='ltr'>quod</span> <span class='ocrx_word' id='word_1_218' title='bbox 955 4051 1087 4142; x_wconf 86' lang='lat' dir='ltr'>petivit.</span> <span class='ocrx_word' id='word_1_219' title='bbox 1113 4045 1202 4119; x_wconf 90' lang='lat' dir='ltr'>Car-</span> 
     </span>
     <span class='ocr_line' id='line_1_38' title="bbox 210 4143 1201 4247; baseline 0.004 -33"><span class='ocrx_word' id='word_1_220' title='bbox 210 4143 369 4215; x_wconf 86' lang='lat' dir='ltr'>dinalem</span> <span class='ocrx_word' id='word_1_221' title='bbox 386 4143 574 4237; x_wconf 80' lang='lat' dir='ltr'>Anglicum</span> <span class='ocrx_word' id='word_1_222' title='bbox 592 4144 724 4219; x_wconf 90' lang='lat' dir='ltr'>Polum</span> <span class='ocrx_word' id='word_1_223' title='bbox 740 4153 847 4219; x_wconf 90' lang='lat' dir='ltr'>audio</span> <span class='ocrx_word' id='word_1_224' title='bbox 865 4151 903 4219; x_wconf 91' lang='lat' dir='ltr'>in</span> <span class='ocrx_word' id='word_1_225' title='bbox 914 4146 1082 4247; x_wconf 81' lang='lat' dir='ltr'>Angliam</span> <span class='ocrx_word' id='word_1_226' title='bbox 1098 4174 1201 4218; x_wconf 88' lang='lat' dir='ltr'>revo-</span> 
     </span>
     <span class='ocr_line' id='line_1_39' title="bbox 210 4248 1201 4351; baseline 0.003 -36"><span class='ocrx_word' id='word_1_227' title='bbox 210 4260 328 4318; x_wconf 82' lang='lat' dir='ltr'>catum</span> <span class='ocrx_word' id='word_1_228' title='bbox 345 4271 430 4321; x_wconf 87' lang='lat' dir='ltr'>esse.</span> <span class='ocrx_word' id='word_1_229' title='bbox 468 4248 679 4321; x_wconf 91' lang='lat' dir='ltr'>Reverendo</span> <span class='ocrx_word' id='word_1_230' title='bbox 696 4253 785 4334; x_wconf 91' lang='lat' dir='ltr'>viro,</span> <span class='ocrx_word' id='word_1_231' title='bbox 812 4250 857 4322; x_wconf 90' lang='lat' dir='ltr'>D.</span> <span class='ocrx_word' id='word_1_232' title='bbox 873 4248 1088 4351; x_wconf 83' lang='lat' dir='ltr'>Sneppio³),</span> <span class='ocrx_word' id='word_1_233' title='bbox 1113 4251 1201 4321; x_wconf 84' lang='lat' dir='ltr'>scri-</span> 
     </span>
    </p>
   </div>
   <div class='ocr_carea' id='block_1_14' title="bbox 208 4348 1200 4545">
    <p class='ocr_par' dir='ltr' id='par_1_18' title="bbox 208 4348 1200 4545">
     <span class='ocr_line' id='line_1_40' title="bbox 210 4348 1200 4445; baseline 0.005 -30"><span class='ocrx_word' id='word_1_234' title='bbox 210 4348 285 4438; x_wconf 82' lang='lat' dir='ltr'>psi,</span> <span class='ocrx_word' id='word_1_235' title='bbox 310 4370 366 4418; x_wconf 88' lang='lat' dir='ltr'>me</span> <span class='ocrx_word' id='word_1_236' title='bbox 380 4349 503 4419; x_wconf 89' lang='lat' dir='ltr'>literas</span> <span class='ocrx_word' id='word_1_237' title='bbox 517 4353 527 4418; x_wconf 91' lang='lat' dir='ltr'>i</span> <span class='ocrx_word' id='word_1_238' title='bbox 533 4354 629 4440; x_wconf 88' lang='lat' dir='ltr'>psius</span> <span class='ocrx_word' id='word_1_239' title='bbox 646 4353 701 4439; x_wconf 91' lang='lat' dir='ltr'>pie</span> <span class='ocrx_word' id='word_1_240' title='bbox 717 4366 750 4422; x_wconf 91' lang='lat' dir='ltr'>et</span> <span class='ocrx_word' id='word_1_241' title='bbox 764 4367 922 4423; x_wconf 86' lang='lat' dir='ltr'>amanter</span> <span class='ocrx_word' id='word_1_242' title='bbox 936 4355 1083 4445; x_wconf 86' lang='lat' dir='ltr'>scriptas</span> <span class='ocrx_word' id='word_1_243' title='bbox 1103 4374 1200 4421; x_wconf 81' lang='lat' dir='ltr'>acce-</span> 
     </span>
     <span class='ocr_line' id='line_1_41' title="bbox 208 4447 928 4545; baseline 0.006 -21"><span class='ocrx_word' id='word_1_244' title='bbox 208 4448 312 4537; x_wconf 63' lang='grc'><strong>181111.</strong></span> <span class='ocrx_word' id='word_1_245' title='bbox 363 4447 463 4519; x_wconf 87' lang='lat' dir='ltr'>Bene</span> <span class='ocrx_word' id='word_1_246' title='bbox 486 4455 575 4522; x_wconf 90' lang='lat' dir='ltr'>vale.</span> <span class='ocrx_word' id='word_1_247' title='bbox 627 4452 685 4526; x_wconf 86' lang='lat'>17.</span> <span class='ocrx_word' id='word_1_248' title='bbox 703 4451 869 4526; x_wconf 87' lang='lat' dir='ltr'>Decemb.</span> <span class='ocrx_word' id='word_1_249' title='bbox 886 4452 928 4545; x_wconf 79' lang='lat'>⁴).</span> 
     </span>
    </p>
   </div>
   <div class='ocr_carea' id='block_1_15' title="bbox 713 4566 1149 4664">
    <p class='ocr_par' dir='ltr' id='par_1_19' title="bbox 713 4566 1149 4664">
     <span class='ocr_line' id='line_1_42' title="bbox 713 4566 1149 4664; baseline 0.016 -24"><span class='ocrx_word' id='word_1_250' title='bbox 713 4566 904 4664; x_wconf 86' lang='lat' dir='ltr'>Philippus</span> <span class='ocrx_word' id='word_1_251' title='bbox 923 4566 1149 4653; x_wconf 75' lang='lat' dir='ltr'>Melanthos.</span> 
     </span>
    </p>
   </div>
   <div class='ocr_carea' id='block_1_16' title="bbox 315 4729 1200 4833">
    <p class='ocr_par' dir='ltr' id='par_1_20' title="bbox 315 4729 1200 4833">
     <span class='ocr_line' id='line_1_43' title="bbox 315 4729 1200 4833; baseline 0.008 -32"><span class='ocrx_word' id='word_1_252' title='bbox 315 4729 417 4803; x_wconf 85' lang='lat' dir='ltr'>Mens</span> <span class='ocrx_word' id='word_1_253' title='bbox 437 4758 546 4825; x_wconf 81' lang='lat' dir='ltr'>gener</span> <span class='ocrx_word' id='word_1_254' title='bbox 569 4739 678 4811; x_wconf 79' lang='lat' dir='ltr'>mittit</span> <span class='ocrx_word' id='word_1_255' title='bbox 699 4741 764 4813; x_wconf 92' lang='lat' dir='ltr'>tibi</span> <span class='ocrx_word' id='word_1_256' title='bbox 786 4739 945 4812; x_wconf 91' lang='lat' dir='ltr'>libellum</span> <span class='ocrx_word' id='word_1_257' title='bbox 955 4770 969 4821; x_wconf 90' lang='lat'>,·</span> <span class='ocrx_word' id='word_1_258' title='bbox 993 4763 1097 4833; x_wconf 89' lang='lat' dir='ltr'>quem</span> <span class='ocrx_word' id='word_1_259' title='bbox 1113 4762 1200 4831; x_wconf 92' lang='lat' dir='ltr'>pro-</span> 
     </span>
    </p>
   </div>
   <div class='ocr_carea' id='block_1_17' title="bbox 789 265 1685 347">
    <p class='ocr_par' dir='ltr' id='par_1_21' title="bbox 789 265 1685 347">
     <span class='ocr_line' id='line_1_44' title="bbox 789 265 1685 347; baseline 0.003 -8"><span class='ocrx_word' id='word_1_260' title='bbox 789 265 1497 347; x_wconf 79' lang='lat' dir='ltr'>EPISTOLARUM·L1B.X11.</span> <span class='ocrx_word' id='word_1_261' title='bbox 1555 271 1685 346; x_wconf 82' lang='grc'><strong>1558.</strong></span> 
     </span>
    </p>
   </div>
   <div class='ocr_carea' id='block_1_18' title="bbox 2185 282 2258 354">
    <p class='ocr_par' dir='ltr' id='par_1_22' title="bbox 2185 282 2258 354">
     <span class='ocr_line' id='line_1_45' title="bbox 2185 282 2258 354; baseline 0.055 -5"><span class='ocrx_word' id='word_1_262' title='bbox 2185 282 2258 354; x_wconf 85' lang='grc'>188</span> 
     </span>
    </p>
   </div>
   <div class='ocr_carea' id='block_1_19' title="bbox 1262 441 2255 822">
    <p class='ocr_par' dir='ltr' id='par_1_23' title="bbox 1262 441 2255 822">
     <span class='ocr_line' id='line_1_46' title="bbox 1265 441 2255 533; baseline 0.009 -24"><span class='ocrx_word' id='word_1_263' title='bbox 1265 441 1492 533; x_wconf 87' lang='lat' dir='ltr'>interpretem</span> <span class='ocrx_word' id='word_1_264' title='bbox 1520 441 1595 511; x_wconf 90' lang='lat' dir='ltr'>eius</span> <span class='ocrx_word' id='word_1_265' title='bbox 1624 444 1710 514; x_wconf 87' lang='lat' dir='ltr'>libri</span> <span class='ocrx_word' id='word_1_266' title='bbox 1735 444 1944 533; x_wconf 80' lang='lat' dir='ltr'>Ptolemaei,</span> <span class='ocrx_word' id='word_1_267' title='bbox 1970 450 2026 518; x_wconf 89' lang='lat' dir='ltr'>cui</span> <span class='ocrx_word' id='word_1_268' title='bbox 2054 450 2177 519; x_wconf 89' lang='lat' dir='ltr'>titulus</span> <span class='ocrx_word' id='word_1_269' title='bbox 2204 462 2255 518; x_wconf 86' lang='lat' dir='ltr'>est</span> 
     </span>
     <span class='ocr_line' id='line_1_47' title="bbox 1265 536 2255 644; baseline 0.004 -32"><span class='ocrx_word' id='word_1_270' title='bbox 1265 536 1646 639; x_wconf 79' lang='lat' dir='ltr'>Quadripertitum⁸),</span> <span class='ocrx_word' id='word_1_271' title='bbox 1672 571 1776 637; x_wconf 87' lang='lat' dir='ltr'>quem</span> <span class='ocrx_word' id='word_1_272' title='bbox 1792 549 1848 616; x_wconf 89' lang='lat' dir='ltr'>edi</span> <span class='ocrx_word' id='word_1_273' title='bbox 1867 545 2044 644; x_wconf 81' lang='lat' dir='ltr'>curabo⁶),</span> <span class='ocrx_word' id='word_1_274' title='bbox 2073 546 2255 639; x_wconf 85' lang='lat' dir='ltr'>Exempla,</span> 
     </span>
     <span class='ocr_line' id='line_1_48' title="bbox 1262 638 2254 734; baseline 0.003 -19"><span class='ocrx_word' id='word_1_275' title='bbox 1262 646 1338 715; x_wconf 89' lang='lat' dir='ltr'>Deo</span> <span class='ocrx_word' id='word_1_276' title='bbox 1353 645 1509 730; x_wconf 90' lang='lat' dir='ltr'>iuvante,</span> <span class='ocrx_word' id='word_1_277' title='bbox 1524 644 1589 714; x_wconf 85' lang='lat' dir='ltr'>tibi</span> <span class='ocrx_word' id='word_1_278' title='bbox 1606 660 1639 715; x_wconf 89' lang='lat' dir='ltr'>et</span> <span class='ocrx_word' id='word_1_279' title='bbox 1653 638 1846 732; x_wconf 83' lang='lat' dir='ltr'>Neandro,</span> <span class='ocrx_word' id='word_1_280' title='bbox 1872 664 1906 720; x_wconf 86' lang='lat' dir='ltr'>et</span> <span class='ocrx_word' id='word_1_281' title='bbox 1923 651 2000 720; x_wconf 87' lang='lat' dir='ltr'>aliis</span> <span class='ocrx_word' id='word_1_282' title='bbox 2015 650 2150 734; x_wconf 86' lang='lat' dir='ltr'>amicis,</span> <span class='ocrx_word' id='word_1_283' title='bbox 2168 649 2254 718; x_wconf 88' lang='lat' dir='ltr'>mit-</span> 
     </span>
     <span class='ocr_line' id='line_1_49' title="bbox 1264 744 1854 822; baseline 0.01 -6"><span class='ocrx_word' id='word_1_284' title='bbox 1264 761 1346 816; x_wconf 87' lang='lat' dir='ltr'>tam.</span> <span class='ocrx_word' id='word_1_285' title='bbox 1400 744 1533 817; x_wconf 88' lang='lat' dir='ltr'>lterum</span> <span class='ocrx_word' id='word_1_286' title='bbox 1551 746 1627 815; x_wconf 89' lang='lat' dir='ltr'>vale</span> <span class='ocrx_word' id='word_1_287' title='bbox 1642 759 1675 815; x_wconf 88' lang='lat' dir='ltr'>et</span> <span class='ocrx_word' id='word_1_288' title='bbox 1691 750 1854 822; x_wconf 82' lang='lat' dir='ltr'>rescribe.</span> 
     </span>
    </p>
   </div>
   <div class='ocr_carea' id='block_1_20' title="bbox 1290 948 2246 968">
    <p class='ocr_par' dir='ltr' id='par_1_24' title="bbox 1290 948 2246 968">
     <span class='ocr_line' id='line_1_50' title="bbox 1290 948 2246 968; baseline 0.003 -7"><span class='ocrx_word' id='word_1_289' title='bbox 1290 955 1462 968; x_wconf 55' lang='lat' dir='ltr'><em>m</em></span> <span class='ocrx_word' id='word_1_290' title='bbox 1727 949 2135 968; x_wconf 55' lang='lat' dir='ltr'>„W---o-b·-</span> <span class='ocrx_word' id='word_1_291' title='bbox 2156 948 2209 956; x_wconf 77' lang='lat'>&#39;‘¹&#39;&#39;</span> <span class='ocrx_word' id='word_1_292' title='bbox 2229 949 2246 958; x_wconf 66' lang='lat'>0</span> 
     </span>
    </p>
   </div>
   <div class='ocr_carea' id='block_1_21' title="bbox 1272 1078 1468 1152">
    <p class='ocr_par' dir='ltr' id='par_1_25' title="bbox 1272 1078 1468 1152">
     <span class='ocr_line' id='line_1_51' title="bbox 1272 1078 1468 1152; baseline -0.01 -1"><span class='ocrx_word' id='word_1_293' title='bbox 1272 1081 1339 1151; x_wconf 90' lang='lat' dir='ltr'>No.</span> <span class='ocrx_word' id='word_1_294' title='bbox 1354 1078 1468 1152; x_wconf 81' lang='lat'>6511.</span> 
     </span>
    </p>
   </div>
   <div class='ocr_carea' id='block_1_22' title="bbox 1265 1180 1474 1217">
    <p class='ocr_par' dir='ltr' id='par_1_26' title="bbox 1265 1180 1474 1217">
     <span class='ocr_line' id='line_1_52' title="bbox 1265 1180 1474 1217; baseline -0.01 -6"><span class='ocrx_word' id='word_1_295' title='bbox 1265 1180 1474 1217; x_wconf 50' lang='grc' dir='ltr'><strong>Μ</strong></span> 
     </span>
    </p>
   </div>
   <div class='ocr_carea' id='block_1_23' title="bbox 1574 1261 1930 1350">
    <p class='ocr_par' dir='ltr' id='par_1_27' title="bbox 1574 1261 1930 1350">
     <span class='ocr_line' id='line_1_53' title="bbox 1574 1261 1930 1350; baseline -0.006 -2"><span class='ocrx_word' id='word_1_296' title='bbox 1574 1262 1650 1348; x_wconf 79' lang='lat' dir='ltr'>Ge.</span> <span class='ocrx_word' id='word_1_297' title='bbox 1682 1261 1930 1350; x_wconf 79' lang='lat' dir='ltr'>Schulteto.</span> 
     </span>
    </p>
   </div>
   <div class='ocr_carea' id='block_1_24' title="bbox 1361 1416 1696 1493">
    <p class='ocr_par' dir='ltr' id='par_1_28' title="bbox 1361 1416 1696 1493">
     <span class='ocr_line' id='line_1_54' title="bbox 1361 1416 1696 1493; baseline 0.024 -23"><span class='ocrx_word' id='word_1_298' title='bbox 1361 1416 1461 1473; x_wconf 82' lang='lat' dir='ltr'>Manlii</span> <span class='ocrx_word' id='word_1_299' title='bbox 1479 1420 1575 1492; x_wconf 76' lang='lat' dir='ltr'>iarrag.</span> <span class='ocrx_word' id='word_1_300' title='bbox 1594 1442 1620 1493; x_wconf 91' lang='lat' dir='ltr'>p.</span> <span class='ocrx_word' id='word_1_301' title='bbox 1636 1425 1696 1478; x_wconf 76' lang='lat'>280.</span> 
     </span>
    </p>
   </div>
   <div class='ocr_carea' id='block_1_25' title="bbox 1257 1568 2246 1779">
    <p class='ocr_par' dir='ltr' id='par_1_29' title="bbox 1257 1568 2246 1779">
     <span class='ocr_line' id='line_1_55' title="bbox 1257 1568 2246 1673; baseline 0.005 -33"><span class='ocrx_word' id='word_1_302' title='bbox 1257 1568 1322 1641; x_wconf 79' lang='lat' dir='ltr'>Ad</span> <span class='ocrx_word' id='word_1_303' title='bbox 1349 1569 1405 1647; x_wconf 92' lang='lat' dir='ltr'>D.</span> <span class='ocrx_word' id='word_1_304' title='bbox 1437 1571 1684 1670; x_wconf 78' lang='lat' dir='ltr'>Georgium</span> <span class='ocrx_word' id='word_1_305' title='bbox 1717 1572 2005 1649; x_wconf 82' lang='lat' dir='ltr'>Schultetum</span> <span class='ocrx_word' id='word_1_306' title='bbox 2032 1573 2088 1671; x_wconf 78' lang='lat'>*),</span> <span class='ocrx_word' id='word_1_307' title='bbox 2120 1585 2246 1673; x_wconf 83' lang='lat' dir='ltr'>posto·</span> 
     </span>
     <span class='ocr_line' id='line_1_56' title="bbox 1397 1674 2105 1779; baseline 0.004 -37"><span class='ocrx_word' id='word_1_308' title='bbox 1397 1699 1469 1745; x_wconf 84' lang='lat' dir='ltr'>rem</span> <span class='ocrx_word' id='word_1_309' title='bbox 1492 1679 1532 1747; x_wconf 86' lang='lat' dir='ltr'>in</span> <span class='ocrx_word' id='word_1_310' title='bbox 1559 1674 1808 1779; x_wconf 83' lang='lat' dir='ltr'>Gcbcrsdors,</span> <span class='ocrx_word' id='word_1_311' title='bbox 1827 1702 1939 1778; x_wconf 81' lang='lat' dir='ltr'>prope</span> <span class='ocrx_word' id='word_1_312' title='bbox 1959 1676 2105 1764; x_wconf 78' lang='lat' dir='ltr'>Dama,</span> 
     </span>
    </p>
   </div>
   <div class='ocr_carea' id='block_1_26' title="bbox 1253 1807 2332 3626">
    <p class='ocr_par' dir='ltr' id='par_1_30' title="bbox 1253 1807 2332 3626">
     <span class='ocr_line' id='line_1_57' title="bbox 1255 1807 2243 1918; baseline -0.005 -25"><span class='ocrx_word' id='word_1_313' title='bbox 1255 1807 1305 1894; x_wconf 81' lang='lat' dir='ltr'>S.</span> <span class='ocrx_word' id='word_1_314' title='bbox 1329 1819 1373 1890; x_wconf 90' lang='lat' dir='ltr'>D.</span> <span class='ocrx_word' id='word_1_315' title='bbox 1426 1821 1636 1894; x_wconf 84' lang='lat' dir='ltr'>Venerando</span> <span class='ocrx_word' id='word_1_316' title='bbox 1653 1827 1797 1894; x_wconf 88' lang='lat' dir='ltr'>domine</span> <span class='ocrx_word' id='word_1_317' title='bbox 1812 1819 1968 1918; x_wconf 77' lang='lat' dir='ltr'>Georgi:</span> <span class='ocrx_word' id='word_1_318' title='bbox 2020 1821 2157 1913; x_wconf 83' lang='lat' dir='ltr'>Etipse</span> <span class='ocrx_word' id='word_1_319' title='bbox 2176 1822 2243 1889; x_wconf 90' lang='lat' dir='ltr'>mi-</span> 
     </span>
     <span class='ocr_line' id='line_1_58' title="bbox 1256 1920 2242 2013; baseline 0.001 -24"><span class='ocrx_word' id='word_1_320' title='bbox 1256 1924 1386 1993; x_wconf 85' lang='lat' dir='ltr'>nistros</span> <span class='ocrx_word' id='word_1_321' title='bbox 1408 1920 1593 2013; x_wconf 79' lang='lat' dir='ltr'>Evangelii</span> <span class='ocrx_word' id='word_1_322' title='bbox 1618 1950 1657 1993; x_wconf 81' lang='lat' dir='ltr'>ex</span> <span class='ocrx_word' id='word_1_323' title='bbox 1681 1927 1799 1993; x_wconf 89' lang='lat' dir='ltr'>animo</span> <span class='ocrx_word' id='word_1_324' title='bbox 1824 1949 1990 1994; x_wconf 87' lang='lat' dir='ltr'>veneror:</span> <span class='ocrx_word' id='word_1_325' title='bbox 2026 1937 2059 1992; x_wconf 86' lang='lat' dir='ltr'>et</span> <span class='ocrx_word' id='word_1_326' title='bbox 2077 1923 2140 1992; x_wconf 93' lang='lat' dir='ltr'>ubi</span> <span class='ocrx_word' id='word_1_327' title='bbox 2160 1947 2242 2013; x_wconf 86' lang='lat' dir='ltr'>pos-</span> 
     </span>
     <span class='ocr_line' id='line_1_59' title="bbox 1255 2020 2241 2107; baseline -0.002 -17"><span class='ocrx_word' id='word_1_328' title='bbox 1255 2047 1345 2107; x_wconf 90' lang='lat' dir='ltr'>sum,</span> <span class='ocrx_word' id='word_1_329' title='bbox 1361 2025 1513 2095; x_wconf 88' lang='lat' dir='ltr'>libenter</span> <span class='ocrx_word' id='word_1_330' title='bbox 1528 2027 1577 2093; x_wconf 90' lang='lat' dir='ltr'>eis</span> <span class='ocrx_word' id='word_1_331' title='bbox 1594 2026 1789 2095; x_wconf 84' lang='lat' dir='ltr'>benefacio:</span> <span class='ocrx_word' id='word_1_332' title='bbox 1808 2038 1842 2095; x_wconf 85' lang='lat' dir='ltr'>et</span> <span class='ocrx_word' id='word_1_333' title='bbox 1856 2048 1933 2094; x_wconf 89' lang='lat' dir='ltr'>sum</span> <span class='ocrx_word' id='word_1_334' title='bbox 1949 2020 2108 2094; x_wconf 87' lang='lat' dir='ltr'>hortator</span> <span class='ocrx_word' id='word_1_335' title='bbox 2125 2023 2241 2091; x_wconf 91' lang='lat' dir='ltr'>omni-</span> 
     </span>
     <span class='ocr_line' id='line_1_60' title="bbox 1255 2123 2241 2209; baseline -0.004 -17"><span class='ocrx_word' id='word_1_336' title='bbox 1255 2126 1320 2193; x_wconf 90' lang='lat' dir='ltr'>bus</span> <span class='ocrx_word' id='word_1_337' title='bbox 1337 2125 1424 2192; x_wconf 88' lang='lat' dir='ltr'>meis</span> <span class='ocrx_word' id='word_1_338' title='bbox 1436 2127 1671 2209; x_wconf 88' lang='lat' dir='ltr'>auditoribus,</span> <span class='ocrx_word' id='word_1_339' title='bbox 1687 2139 1727 2196; x_wconf 87' lang='lat' dir='ltr'>ut</span> <span class='ocrx_word' id='word_1_340' title='bbox 1740 2127 1813 2195; x_wconf 89' lang='lat' dir='ltr'>sint</span> <span class='ocrx_word' id='word_1_341' title='bbox 1828 2149 2001 2194; x_wconf 85' lang='lat' dir='ltr'>memores</span> <span class='ocrx_word' id='word_1_342' title='bbox 2016 2124 2101 2193; x_wconf 90' lang='lat' dir='ltr'>dicti</span> <span class='ocrx_word' id='word_1_343' title='bbox 2115 2123 2241 2202; x_wconf 88' lang='lat' dir='ltr'>divini,</span> 
     </span>
     <span class='ocr_line' id='line_1_61' title="bbox 1254 2222 2241 2317; baseline 0.002 -25"><span class='ocrx_word' id='word_1_344' title='bbox 1254 2226 1350 2317; x_wconf 88' lang='lat' dir='ltr'>quod</span> <span class='ocrx_word' id='word_1_345' title='bbox 1364 2225 1432 2310; x_wconf 90' lang='lat' dir='ltr'>ait,</span> <span class='ocrx_word' id='word_1_346' title='bbox 1456 2225 1600 2317; x_wconf 88' lang='lat' dir='ltr'>Duplici</span> <span class='ocrx_word' id='word_1_347' title='bbox 1616 2222 1752 2297; x_wconf 91' lang='lat' dir='ltr'>honore</span> <span class='ocrx_word' id='word_1_348' title='bbox 1768 2227 1894 2315; x_wconf 75' lang='lat' dir='ltr'>dignos</span> <span class='ocrx_word' id='word_1_349' title='bbox 1911 2249 1983 2295; x_wconf 88' lang='lat' dir='ltr'>esse</span> <span class='ocrx_word' id='word_1_350' title='bbox 1996 2248 2055 2294; x_wconf 91' lang='lat' dir='ltr'>eos</span> <span class='ocrx_word' id='word_1_351' title='bbox 2070 2225 2132 2316; x_wconf 82' lang='lat' dir='ltr'>qrri</span> <span class='ocrx_word' id='word_1_352' title='bbox 2149 2238 2241 2294; x_wconf 78' lang='lat' dir='ltr'>reete</span> 
     </span>
     <span class='ocr_line' id='line_1_62' title="bbox 1253 2326 2241 2419; baseline -0.004 -25"><span class='ocrx_word' id='word_1_353' title='bbox 1253 2328 1393 2399; x_wconf 89' lang='lat' dir='ltr'>docent.</span> <span class='ocrx_word' id='word_1_354' title='bbox 1443 2326 1484 2396; x_wconf 82' lang='lat' dir='ltr'>si</span> <span class='ocrx_word' id='word_1_355' title='bbox 1506 2328 1614 2417; x_wconf 83' lang='lat' dir='ltr'>igitur</span> <span class='ocrx_word' id='word_1_356' title='bbox 1636 2328 1700 2398; x_wconf 88' lang='lat' dir='ltr'>tibi</span> <span class='ocrx_word' id='word_1_357' title='bbox 1725 2351 1862 2419; x_wconf 88' lang='lat' dir='ltr'>possem</span> <span class='ocrx_word' id='word_1_358' title='bbox 1887 2330 2068 2418; x_wconf 89' lang='lat' dir='ltr'>prodesse,</span> <span class='ocrx_word' id='word_1_359' title='bbox 2092 2327 2241 2395; x_wconf 81' lang='lat' dir='ltr'>lacerem</span> 
     </span>
     <span class='ocr_line' id='line_1_63' title="bbox 1254 2427 2240 2520; baseline -0.003 -26"><span class='ocrx_word' id='word_1_360' title='bbox 1254 2451 1390 2495; x_wconf 89' lang='lat' dir='ltr'>summa</span> <span class='ocrx_word' id='word_1_361' title='bbox 1416 2429 1608 2503; x_wconf 90' lang='lat' dir='ltr'>voluntate.</span> <span class='ocrx_word' id='word_1_362' title='bbox 1666 2428 1735 2500; x_wconf 86' lang='lat' dir='ltr'>Sed</span> <span class='ocrx_word' id='word_1_363' title='bbox 1760 2452 1836 2497; x_wconf 89' lang='lat' dir='ltr'>mea</span> <span class='ocrx_word' id='word_1_364' title='bbox 1857 2429 2005 2520; x_wconf 80' lang='lat' dir='ltr'>simplex</span> <span class='ocrx_word' id='word_1_365' title='bbox 2029 2427 2240 2496; x_wconf 87' lang='lat' dir='ltr'>verecundia</span> 
     </span>
     <span class='ocr_line' id='line_1_64' title="bbox 1253 2528 2240 2622; baseline -0.002 -27"><span class='ocrx_word' id='word_1_366' title='bbox 1253 2528 1320 2595; x_wconf 84' lang='lat' dir='ltr'>init</span> <span class='ocrx_word' id='word_1_367' title='bbox 1343 2528 1478 2616; x_wconf 84' lang='lat' dir='ltr'>ingrata</span> <span class='ocrx_word' id='word_1_368' title='bbox 1503 2531 1621 2599; x_wconf 88' lang='lat' dir='ltr'>nescio</span> <span class='ocrx_word' id='word_1_369' title='bbox 1647 2530 1777 2622; x_wconf 86' lang='lat' dir='ltr'>quibus</span> <span class='ocrx_word' id='word_1_370' title='bbox 1797 2531 1835 2597; x_wconf 93' lang='lat' dir='ltr'>in</span> <span class='ocrx_word' id='word_1_371' title='bbox 1860 2553 1900 2597; x_wconf 87' lang='lat' dir='ltr'>ea</span> <span class='ocrx_word' id='word_1_372' title='bbox 1921 2531 2022 2612; x_wconf 90' lang='lat' dir='ltr'>aula,</span> <span class='ocrx_word' id='word_1_373' title='bbox 2052 2528 2090 2594; x_wconf 91' lang='lat' dir='ltr'>in</span> <span class='ocrx_word' id='word_1_374' title='bbox 2107 2549 2174 2619; x_wconf 84' lang='lat' dir='ltr'>qua</span> <span class='ocrx_word' id='word_1_375' title='bbox 2200 2539 2240 2595; x_wconf 87' lang='lat' dir='ltr'>tu</span> 
     </span>
     <span class='ocr_line' id='line_1_65' title="bbox 1255 2629 2241 2719; baseline -0.003 -24"><span class='ocrx_word' id='word_1_376' title='bbox 1255 2629 1439 2718; x_wconf 90' lang='lat' dir='ltr'>pecuniam</span> <span class='ocrx_word' id='word_1_377' title='bbox 1460 2631 1559 2719; x_wconf 84' lang='lat' dir='ltr'>petis.</span> <span class='ocrx_word' id='word_1_378' title='bbox 1611 2629 1683 2700; x_wconf 89' lang='lat' dir='ltr'>Nec</span> <span class='ocrx_word' id='word_1_379' title='bbox 1703 2631 1791 2699; x_wconf 89' lang='lat' dir='ltr'>meis</span> <span class='ocrx_word' id='word_1_380' title='bbox 1814 2629 1927 2699; x_wconf 86' lang='lat' dir='ltr'>literis</span> <span class='ocrx_word' id='word_1_381' title='bbox 1948 2649 2156 2719; x_wconf 85' lang='lat' dir='ltr'>responsum</span> <span class='ocrx_word' id='word_1_382' title='bbox 2179 2638 2241 2708; x_wconf 88' lang='lat' dir='ltr'>est,</span> 
     </span>
     <span class='ocr_line' id='line_1_66' title="bbox 1254 2727 2240 2822; baseline -0.003 -25"><span class='ocrx_word' id='word_1_383' title='bbox 1254 2750 1340 2820; x_wconf 90' lang='lat' dir='ltr'>quas</span> <span class='ocrx_word' id='word_1_384' title='bbox 1356 2743 1556 2800; x_wconf 86' lang='lat' dir='ltr'>reverenter</span> <span class='ocrx_word' id='word_1_385' title='bbox 1569 2731 1703 2822; x_wconf 86' lang='lat' dir='ltr'>scripsi.</span> <span class='ocrx_word' id='word_1_386' title='bbox 1742 2727 1790 2800; x_wconf 90' lang='lat' dir='ltr'>Et</span> <span class='ocrx_word' id='word_1_387' title='bbox 1807 2753 1945 2820; x_wconf 89' lang='lat' dir='ltr'>semper</span> <span class='ocrx_word' id='word_1_388' title='bbox 1959 2727 2142 2820; x_wconf 87' lang='lat' dir='ltr'>Principes</span> <span class='ocrx_word' id='word_1_389' title='bbox 2158 2727 2240 2796; x_wconf 91' lang='lat' dir='ltr'>illos</span> 
     </span>
     <span class='ocr_line' id='line_1_67' title="bbox 1254 2826 2240 2925; baseline 0 -27"><span class='ocrx_word' id='word_1_390' title='bbox 1254 2826 1447 2899; x_wconf 86' lang='lat' dir='ltr'>honorilice</span> <span class='ocrx_word' id='word_1_391' title='bbox 1463 2832 1677 2922; x_wconf 88' lang='lat' dir='ltr'>praedicavi:</span> <span class='ocrx_word' id='word_1_392' title='bbox 1705 2834 1800 2925; x_wconf 91' lang='lat' dir='ltr'>quod</span> <span class='ocrx_word' id='word_1_393' title='bbox 1816 2832 1912 2901; x_wconf 91' lang='lat' dir='ltr'>bono</span> <span class='ocrx_word' id='word_1_394' title='bbox 1929 2830 2047 2901; x_wconf 83' lang='lat' dir='ltr'>studio</span> <span class='ocrx_word' id='word_1_395' title='bbox 2063 2829 2175 2913; x_wconf 82' lang='lat' dir='ltr'>facio,</span> <span class='ocrx_word' id='word_1_396' title='bbox 2200 2840 2240 2898; x_wconf 79' lang='lat' dir='ltr'>nt</span> 
     </span>
     <span class='ocr_line' id='line_1_68' title="bbox 1254 2931 2239 3024; baseline 0.001 -25"><span class='ocrx_word' id='word_1_397' title='bbox 1254 2931 1317 2999; x_wconf 91' lang='lat' dir='ltr'>alii</span> <span class='ocrx_word' id='word_1_398' title='bbox 1348 2946 1549 3002; x_wconf 87' lang='lat' dir='ltr'>reverenter</span> <span class='ocrx_word' id='word_1_399' title='bbox 1583 2935 1629 3002; x_wconf 89' lang='lat' dir='ltr'>de</span> <span class='ocrx_word' id='word_1_400' title='bbox 1654 2932 1880 3024; x_wconf 87' lang='lat' dir='ltr'>Principibus</span> <span class='ocrx_word' id='word_1_401' title='bbox 1905 2932 2010 3002; x_wconf 83' lang='lat' dir='ltr'>etiam</span> <span class='ocrx_word' id='word_1_402' title='bbox 2036 2931 2239 3023; x_wconf 82' lang='lat' dir='ltr'>loquantur.</span> 
     </span>
     <span class='ocr_line' id='line_1_69' title="bbox 1253 3028 2332 3129; baseline -0.004 -27"><span class='ocrx_word' id='word_1_403' title='bbox 1253 3028 1343 3102; x_wconf 90' lang='lat' dir='ltr'>Cum</span> <span class='ocrx_word' id='word_1_404' title='bbox 1360 3032 1469 3121; x_wconf 83' lang='lat' dir='ltr'>igitur</span> <span class='ocrx_word' id='word_1_405' title='bbox 1482 3034 1520 3101; x_wconf 91' lang='lat' dir='ltr'>in</span> <span class='ocrx_word' id='word_1_406' title='bbox 1534 3059 1577 3104; x_wconf 88' lang='lat' dir='ltr'>eo</span> <span class='ocrx_word' id='word_1_407' title='bbox 1592 3035 1670 3104; x_wconf 87' lang='lat' dir='ltr'>loco</span> <span class='ocrx_word' id='word_1_408' title='bbox 1692 3036 1858 3126; x_wconf 87' lang='lat' dir='ltr'>prodesse</span> <span class='ocrx_word' id='word_1_409' title='bbox 1872 3056 1946 3101; x_wconf 87' lang='lat' dir='ltr'>uon</span> <span class='ocrx_word' id='word_1_410' title='bbox 1960 3033 2109 3123; x_wconf 87' lang='lat' dir='ltr'>possim,</span> <span class='ocrx_word' id='word_1_411' title='bbox 2132 3051 2240 3123; x_wconf 74' lang='grc'><strong>8888-</strong></span> <span class='ocrx_word' id='word_1_412' title='bbox 2315 3119 2332 3129; x_wconf 86' lang='lat'>..</span> 
     </span>
     <span class='ocr_line' id='line_1_70' title="bbox 1253 3134 2241 3228; baseline -0.001 -27"><span class='ocrx_word' id='word_1_413' title='bbox 1253 3155 1310 3203; x_wconf 88' lang='lat' dir='ltr'>res</span> <span class='ocrx_word' id='word_1_414' title='bbox 1323 3134 1411 3201; x_wconf 91' lang='lat' dir='ltr'>alios</span> <span class='ocrx_word' id='word_1_415' title='bbox 1425 3139 1677 3225; x_wconf 88' lang='lat' dir='ltr'>deprecatores,</span> <span class='ocrx_word' id='word_1_416' title='bbox 1699 3159 1852 3228; x_wconf 73' lang='lat' dir='ltr'>«pirorum</span> <span class='ocrx_word' id='word_1_417' title='bbox 1870 3136 1921 3204; x_wconf 91' lang='lat' dir='ltr'>ibi</span> <span class='ocrx_word' id='word_1_418' title='bbox 1936 3135 2015 3224; x_wconf 89' lang='lat' dir='ltr'>plus</span> <span class='ocrx_word' id='word_1_419' title='bbox 2030 3134 2147 3204; x_wconf 89' lang='lat' dir='ltr'>valere</span> <span class='ocrx_word' id='word_1_420' title='bbox 2160 3152 2241 3201; x_wconf 87' lang='lat' dir='ltr'>ora·</span> 
     </span>
     <span class='ocr_line' id='line_1_71' title="bbox 1253 3233 2240 3326; baseline -0.009 -20"><span class='ocrx_word' id='word_1_421' title='bbox 1253 3235 1304 3306; x_wconf 83' lang='lat' dir='ltr'>tio</span> <span class='ocrx_word' id='word_1_422' title='bbox 1326 3248 1450 3326; x_wconf 86' lang='lat' dir='ltr'>potest.</span> <span class='ocrx_word' id='word_1_423' title='bbox 1501 3235 1578 3306; x_wconf 90' lang='lat' dir='ltr'>Scis</span> <span class='ocrx_word' id='word_1_424' title='bbox 1600 3238 1817 3307; x_wconf 89' lang='lat' dir='ltr'>voluntatem</span> <span class='ocrx_word' id='word_1_425' title='bbox 1834 3234 2009 3326; x_wconf 85' lang='lat' dir='ltr'>Principis</span> <span class='ocrx_word' id='word_1_426' title='bbox 2031 3257 2105 3304; x_wconf 86' lang='lat' dir='ltr'>esse</span> <span class='ocrx_word' id='word_1_427' title='bbox 2127 3233 2240 3322; x_wconf 87' lang='lat' dir='ltr'>piam:</span> 
     </span>
     <span class='ocr_line' id='line_1_72' title="bbox 1253 3330 2240 3427; baseline -0.003 -24"><span class='ocrx_word' id='word_1_428' title='bbox 1253 3337 1314 3404; x_wconf 90' lang='lat' dir='ltr'>sed</span> <span class='ocrx_word' id='word_1_429' title='bbox 1336 3330 1424 3402; x_wconf 89' lang='lat' dir='ltr'>mihi</span> <span class='ocrx_word' id='word_1_430' title='bbox 1450 3338 1545 3427; x_wconf 85' lang='lat' dir='ltr'>apud</span> <span class='ocrx_word' id='word_1_431' title='bbox 1569 3362 1649 3407; x_wconf 89' lang='lat' dir='ltr'>eum</span> <span class='ocrx_word' id='word_1_432' title='bbox 1664 3339 1871 3407; x_wconf 84' lang='lat' dir='ltr'>adversatur</span> <span class='ocrx_word' id='word_1_433' title='bbox 1892 3332 2000 3406; x_wconf 78' lang='lat' dir='ltr'>horno</span> <span class='ocrx_word' id='word_1_434' title='bbox 2017 3355 2201 3426; x_wconf 80' lang='lat' dir='ltr'>nunquam</span> <span class='ocrx_word' id='word_1_435' title='bbox 2219 3351 2240 3400; x_wconf 86' lang='grc'>8</span> 
     </span>
     <span class='ocr_line' id='line_1_73' title="bbox 1254 3433 2240 3527; baseline 0.001 -25"><span class='ocrx_word' id='word_1_436' title='bbox 1254 3461 1310 3504; x_wconf 88' lang='lat' dir='ltr'>me</span> <span class='ocrx_word' id='word_1_437' title='bbox 1341 3437 1474 3521; x_wconf 87' lang='lat' dir='ltr'>laesus,</span> <span class='ocrx_word' id='word_1_438' title='bbox 1497 3451 1544 3506; x_wconf 85' lang='lat' dir='ltr'>et</span> <span class='ocrx_word' id='word_1_439' title='bbox 1577 3439 1694 3527; x_wconf 89' lang='lat' dir='ltr'>potius</span> <span class='ocrx_word' id='word_1_440' title='bbox 1721 3437 1844 3506; x_wconf 89' lang='lat' dir='ltr'>multis</span> <span class='ocrx_word' id='word_1_441' title='bbox 1869 3434 2047 3506; x_wconf 85' lang='lat' dir='ltr'>beneficiis</span> <span class='ocrx_word' id='word_1_442' title='bbox 2073 3433 2240 3504; x_wconf 84' lang='lat' dir='ltr'>adiectus.</span> 
     </span>
     <span class='ocr_line' id='line_1_74' title="bbox 1253 3530 2239 3626; baseline -0.006 -21"><span class='ocrx_word' id='word_1_443' title='bbox 1253 3535 1329 3605; x_wconf 91' lang='lat' dir='ltr'>Deo</span> <span class='ocrx_word' id='word_1_444' title='bbox 1346 3558 1440 3604; x_wconf 89' lang='lat' dir='ltr'>meas</span> <span class='ocrx_word' id='word_1_445' title='bbox 1457 3550 1491 3606; x_wconf 87' lang='lat' dir='ltr'>et</span> <span class='ocrx_word' id='word_1_446' title='bbox 1506 3539 1664 3626; x_wconf 88' lang='lat' dir='ltr'>publicas</span> <span class='ocrx_word' id='word_1_447' title='bbox 1677 3559 1863 3606; x_wconf 84' lang='lat' dir='ltr'>aerumnas</span> <span class='ocrx_word' id='word_1_448' title='bbox 1875 3536 2096 3606; x_wconf 89' lang='lat' dir='ltr'>commendo.</span> <span class='ocrx_word' id='word_1_449' title='bbox 2141 3530 2239 3602; x_wconf 88' lang='lat' dir='ltr'>Bene</span> 
     </span>
    </p>
   </div>
   <div class='ocr_carea' id='block_1_27' title="bbox 1253 3629 1822 3722">
    <p class='ocr_par' dir='ltr' id='par_1_31' title="bbox 1253 3629 1822 3722">
     <span class='ocr_line' id='line_1_75' title="bbox 1253 3629 1822 3722; baseline 0.009 -18"><span class='ocrx_word' id='word_1_450' title='bbox 1253 3637 1349 3720; x_wconf 86' lang='lat' dir='ltr'>vale,</span> <span class='ocrx_word' id='word_1_451' title='bbox 1371 3638 1433 3708; x_wconf 79' lang='lat'>22.</span> <span class='ocrx_word' id='word_1_452' title='bbox 1449 3635 1671 3722; x_wconf 87' lang='lat' dir='ltr'>Decembris,</span> <span class='ocrx_word' id='word_1_453' title='bbox 1698 3629 1822 3708; x_wconf 71' lang='lat'><strong>155³.</strong></span> 
     </span>
    </p>
   </div>
   <div class='ocr_carea' id='block_1_28' title="bbox 1253 3978 1442 4059">
    <p class='ocr_par' dir='ltr' id='par_1_32' title="bbox 1253 3978 1442 4059">
     <span class='ocr_line' id='line_1_76' title="bbox 1253 3978 1442 4059; baseline -0.011 -3"><span class='ocrx_word' id='word_1_454' title='bbox 1253 3978 1442 4059; x_wconf 77' lang='lat' dir='ltr'>N0.651e.</span> 
     </span>
    </p>
   </div>
   <div class='ocr_carea' id='block_1_29' title="bbox 1259 4080 1430 4111">
    <p class='ocr_par' dir='ltr' id='par_1_33' title="bbox 1259 4080 1430 4111">
     <span class='ocr_line' id='line_1_77' title="bbox 1259 4080 1430 4111; baseline -0.018 0"><span class='ocrx_word' id='word_1_455' title='bbox 1259 4080 1430 4111; x_wconf 55' lang='lat' dir='ltr'>“a</span> 
     </span>
    </p>
   </div>
   <div class='ocr_carea' id='block_1_30' title="bbox 1320 4172 2214 4407">
    <p class='ocr_par' dir='ltr' id='par_1_34' title="bbox 1320 4172 2214 4407">
     <span class='ocr_line' id='line_1_78' title="bbox 1515 4172 1977 4262; baseline -0.011 -4"><span class='ocrx_word' id='word_1_456' title='bbox 1515 4174 1666 4262; x_wconf 75' lang='lat' dir='ltr'>lauch.</span> <span class='ocrx_word' id='word_1_457' title='bbox 1696 4172 1977 4262; x_wconf 65' lang='lat' dir='ltr'>Commio.</span> 
     </span>
     <span class='ocr_line' id='line_1_79' title="bbox 1320 4326 2214 4407; baseline -0.002 -21"><span class='ocrx_word' id='word_1_458' title='bbox 1320 4333 1406 4407; x_wconf 79' lang='lat' dir='ltr'>Epist.</span> <span class='ocrx_word' id='word_1_459' title='bbox 1417 4332 1451 4387; x_wconf 88' lang='lat' dir='ltr'>sd</span> <span class='ocrx_word' id='word_1_460' title='bbox 1466 4335 1602 4391; x_wconf 76' lang='lat' dir='ltr'>conterar.</span> <span class='ocrx_word' id='word_1_461' title='bbox 1617 4353 1644 4406; x_wconf 89' lang='lat' dir='ltr'>p.</span> <span class='ocrx_word' id='word_1_462' title='bbox 1654 4334 1707 4390; x_wconf 82' lang='grc'>878</span> <span class='ocrx_word' id='word_1_463' title='bbox 1718 4350 1759 4404; x_wconf 78' lang='lat' dir='ltr'>sq.</span> <span class='ocrx_word' id='word_1_464' title='bbox 1775 4331 1834 4402; x_wconf 84' lang='lat' dir='ltr'>(ed.</span> <span class='ocrx_word' id='word_1_465' title='bbox 1847 4329 1937 4386; x_wconf 73' lang='grc'><strong>1888.</strong></span> <span class='ocrx_word' id='word_1_466' title='bbox 1947 4329 1998 4386; x_wconf 79' lang='lat' dir='ltr'>lis.</span> <span class='ocrx_word' id='word_1_467' title='bbox 2012 4327 2060 4385; x_wconf 82' lang='lat' dir='ltr'>tv,</span> <span class='ocrx_word' id='word_1_468' title='bbox 2075 4344 2117 4399; x_wconf 87' lang='lat' dir='ltr'>ep.</span> <span class='ocrx_word' id='word_1_469' title='bbox 2129 4326 2214 4384; x_wconf 64' lang='grc'><strong>818).</strong></span> 
     </span>
    </p>
   </div>
   <div class='ocr_carea' id='block_1_31' title="bbox 2027 3978 2223 4068">
    <p class='ocr_par' dir='ltr' id='par_1_35' title="bbox 2027 3978 2223 4068">
     <span class='ocr_line' id='line_1_80' title="bbox 2027 3978 2223 4068; baseline -0.036 1"><span class='ocrx_word' id='word_1_470' title='bbox 2027 3987 2103 4068; x_wconf 79' lang='lat' dir='ltr'>aa</span> <span class='ocrx_word' id='word_1_471' title='bbox 2125 3978 2223 4062; x_wconf 69' lang='lat' dir='ltr'>n...)</span> 
     </span>
    </p>
   </div>
   <div class='ocr_carea' id='block_1_32' title="bbox 2014 4074 2237 4104">
    <p class='ocr_par' dir='ltr' id='par_1_36' title="bbox 2014 4074 2237 4104">
     <span class='ocr_line' id='line_1_81' title="bbox 2014 4074 2237 4104; baseline 0.004 -1"><span class='ocrx_word' id='word_1_472' title='bbox 2014 4074 2237 4104; x_wconf 54' lang='lat' dir='ltr'><strong><em>m</em></strong></span> 
     </span>
    </p>
   </div>
   <div class='ocr_carea' id='block_1_33' title="bbox 1428 4482 2067 4562">
    <p class='ocr_par' dir='ltr' id='par_1_37' title="bbox 1428 4482 2067 4562">
     <span class='ocr_line' id='line_1_82' title="bbox 1428 4482 2067 4562; baseline -0.009 0"><span class='ocrx_word' id='word_1_473' title='bbox 1428 4487 1458 4562; x_wconf 87' lang='grc' dir='ltr'><strong><em>Ι</em></strong></span> <span class='ocrx_word' id='word_1_474' title='bbox 1461 4485 1671 4562; x_wconf 84' lang='lat' dir='ltr'>oachimo</span> <span class='ocrx_word' id='word_1_475' title='bbox 1697 4482 1973 4562; x_wconf 80' lang='lat' dir='ltr'>Camerario</span> <span class='ocrx_word' id='word_1_476' title='bbox 1996 4509 2067 4557; x_wconf 87' lang='lat' dir='ltr'>suo</span> 
     </span>
    </p>
   </div>
   <div class='ocr_carea' id='block_1_34' title="bbox 1251 4624 2243 4824">
    <p class='ocr_par' dir='ltr' id='par_1_38' title="bbox 1251 4624 2243 4824">
     <span class='ocr_line' id='line_1_83' title="bbox 1252 4624 2240 4718; baseline -0.014 -6"><span class='ocrx_word' id='word_1_477' title='bbox 1252 4624 1371 4717; x_wconf 81' lang='lat' dir='ltr'>S.&#39;D.</span> <span class='ocrx_word' id='word_1_478' title='bbox 1422 4640 1472 4714; x_wconf 91' lang='lat' dir='ltr'>Ut</span> <span class='ocrx_word' id='word_1_479' title='bbox 1497 4664 1613 4712; x_wconf 86' lang='lat' dir='ltr'>annus</span> <span class='ocrx_word' id='word_1_480' title='bbox 1636 4636 1696 4713; x_wconf 88' lang='lat' dir='ltr'>hic</span> <span class='ocrx_word' id='word_1_481' title='bbox 1716 4638 1762 4709; x_wconf 87' lang='lat' dir='ltr'>sit</span> <span class='ocrx_word' id='word_1_482' title='bbox 1781 4640 1917 4709; x_wconf 86' lang='lat' dir='ltr'>faustus</span> <span class='ocrx_word' id='word_1_483' title='bbox 1938 4648 1972 4707; x_wconf 85' lang='lat' dir='ltr'>et</span> <span class='ocrx_word' id='word_1_484' title='bbox 1994 4634 2096 4718; x_wconf 76' lang='lat' dir='ltr'>felix,</span> <span class='ocrx_word' id='word_1_485' title='bbox 2119 4630 2185 4703; x_wconf 90' lang='lat' dir='ltr'>tibi</span> <span class='ocrx_word' id='word_1_486' title='bbox 2206 4643 2240 4699; x_wconf 87' lang='lat' dir='ltr'>et</span> 
     </span>
     <span class='ocr_line' id='line_1_84' title="bbox 1251 4733 2243 4824; baseline -0.016 -10"><span class='ocrx_word' id='word_1_487' title='bbox 1251 4757 1334 4814; x_wconf 83' lang='lat' dir='ltr'>tuae</span> <span class='ocrx_word' id='word_1_488' title='bbox 1351 4736 1532 4814; x_wconf 87' lang='lat' dir='ltr'>Ecclesiae</span> <span class='ocrx_word' id='word_1_489' title='bbox 1548 4741 1779 4824; x_wconf 87' lang='lat' dir='ltr'>domesticae,</span> <span class='ocrx_word' id='word_1_490' title='bbox 1804 4733 1916 4808; x_wconf 89' lang='lat' dir='ltr'>ethis</span> <span class='ocrx_word' id='word_1_491' title='bbox 1940 4733 2164 4824; x_wconf 77' lang='lat' dir='ltr'>regionibus,</span> <span class='ocrx_word' id='word_1_492' title='bbox 2186 4733 2243 4799; x_wconf 81' lang='lat' dir='ltr'>ia·</span> 
     </span>
    </p>
   </div>
   <div class='ocr_carea' id='block_1_35' title="bbox 207 4829 2241 4939">
    <p class='ocr_par' dir='ltr' id='par_1_39' title="bbox 207 4829 2241 4939">
     <span class='ocr_line' id='line_1_85' title="bbox 207 4829 2241 4939; baseline -0.004 -30"><span class='ocrx_word' id='word_1_493' title='bbox 207 4829 318 4904; x_wconf 65' lang='lat' dir='ltr'>misit·</span> <span class='ocrx_word' id='word_1_494' title='bbox 369 4832 493 4928; x_wconf 83' lang='lat' dir='ltr'>Nuper</span> <span class='ocrx_word' id='word_1_495' title='bbox 506 4852 540 4909; x_wconf 86' lang='lat' dir='ltr'>et</span> <span class='ocrx_word' id='word_1_496' title='bbox 554 4838 721 4912; x_wconf 89' lang='lat' dir='ltr'>Proclnm</span> <span class='ocrx_word' id='word_1_497' title='bbox 740 4843 998 4935; x_wconf 25' lang='lat' dir='ltr'>nactilsumus,</span> <span class='ocrx_word' id='word_1_498' title='bbox 1022 4836 1199 4912; x_wconf 84' lang='lat' dir='ltr'>Graecum</span> <span class='ocrx_word' id='word_1_499' title='bbox 1251 4844 1320 4916; x_wconf 88' lang='lat' dir='ltr'>ciat</span> <span class='ocrx_word' id='word_1_500' title='bbox 1340 4845 1436 4915; x_wconf 84' lang='lat' dir='ltr'>lilius</span> <span class='ocrx_word' id='word_1_501' title='bbox 1456 4842 1542 4932; x_wconf 89' lang='lat' dir='ltr'>Dei,</span> <span class='ocrx_word' id='word_1_502' title='bbox 1567 4845 1631 4939; x_wconf 88' lang='lat' dir='ltr'>qui</span> <span class='ocrx_word' id='word_1_503' title='bbox 1649 4859 1683 4914; x_wconf 87' lang='lat' dir='ltr'>et</span> <span class='ocrx_word' id='word_1_504' title='bbox 1703 4839 1899 4912; x_wconf 80' lang='lat' dir='ltr'>Ecclesiam</span> <span class='ocrx_word' id='word_1_505' title='bbox 1922 4857 2003 4904; x_wconf 86' lang='lat' dir='ltr'>vere</span> <span class='ocrx_word' id='word_1_506' title='bbox 2026 4833 2184 4924; x_wconf 76' lang='lat' dir='ltr'>colligit,</span> <span class='ocrx_word' id='word_1_507' title='bbox 2207 4845 2241 4901; x_wconf 87' lang='grc'>81</span> 
     </span>
    </p>
   </div>
   <div class='ocr_carea' id='block_1_36' title="bbox 206 5016 433 5035">
    <p class='ocr_par' dir='ltr' id='par_1_40' title="bbox 206 5016 433 5035">
     <span class='ocr_line' id='line_1_86' title="bbox 206 5016 433 5035; baseline 0.004 -4"><span class='ocrx_word' id='word_1_508' title='bbox 206 5016 433 5035; x_wconf 53' lang='lat' dir='ltr'>m</span> 
     </span>
    </p>
   </div>
   <div class='ocr_carea' id='block_1_37' title="bbox 239 5140 738 5467">
    <p class='ocr_par' dir='ltr' id='par_1_41' title="bbox 241 5140 688 5212">
     <span class='ocr_line' id='line_1_87' title="bbox 241 5140 688 5212; baseline 0.016 -15"><span class='ocrx_word' id='word_1_509' title='bbox 241 5143 270 5212; x_wconf 84' lang='grc'>1)</span> <span class='ocrx_word' id='word_1_510' title='bbox 286 5141 319 5196; x_wconf 83' lang='grc'>18</span> <span class='ocrx_word' id='word_1_511' title='bbox 336 5142 401 5199; x_wconf 84' lang='grc'><strong>888.</strong></span> <span class='ocrx_word' id='word_1_512' title='bbox 416 5140 502 5202; x_wconf 83' lang='lat' dir='ltr'>Goth.</span> <span class='ocrx_word' id='word_1_513' title='bbox 517 5145 575 5201; x_wconf 91' lang='grc'><strong>188.</strong></span> <span class='ocrx_word' id='word_1_514' title='bbox 592 5146 688 5204; x_wconf 74' lang='lat' dir='ltr'>rosae.</span> 
     </span>
    </p>

    <p class='ocr_par' dir='ltr' id='par_1_42' title="bbox 239 5222 725 5382">
     <span class='ocr_line' id='line_1_88' title="bbox 240 5222 725 5303; baseline 0.016 -23"><span class='ocrx_word' id='word_1_515' title='bbox 240 5227 271 5295; x_wconf 77' lang='lat'>2)</span> <span class='ocrx_word' id='word_1_516' title='bbox 290 5222 536 5288; x_wconf 67' lang='lat' dir='ltr'>caueamus.</span> <span class='ocrx_word' id='word_1_517' title='bbox 553 5232 725 5303; x_wconf 74' lang='lat' dir='ltr'>benefaciat.</span> 
     </span>
     <span class='ocr_line' id='line_1_89' title="bbox 239 5310 562 5382; baseline 0.012 -16"><span class='ocrx_word' id='word_1_518' title='bbox 239 5311 269 5379; x_wconf 87' lang='grc'>8)</span> <span class='ocrx_word' id='word_1_519' title='bbox 291 5310 379 5368; x_wconf 84' lang='lat' dir='ltr'>Dana.</span> <span class='ocrx_word' id='word_1_520' title='bbox 396 5315 562 5382; x_wconf 77' lang='lat' dir='ltr'>Sslluepps&#39;o.</span> 
     </span>
    </p>

    <p class='ocr_par' dir='ltr' id='par_1_43' title="bbox 239 5394 738 5467">
     <span class='ocr_line' id='line_1_90' title="bbox 239 5394 738 5467; baseline 0.006 -16"><span class='ocrx_word' id='word_1_521' title='bbox 239 5394 269 5467; x_wconf 78' lang='grc'>8)</span> <span class='ocrx_word' id='word_1_522' title='bbox 287 5397 359 5453; x_wconf 77' lang='lat' dir='ltr'>cod.</span> <span class='ocrx_word' id='word_1_523' title='bbox 378 5395 466 5454; x_wconf 77' lang='lat' dir='ltr'>Gon.</span> <span class='ocrx_word' id='word_1_524' title='bbox 481 5400 540 5455; x_wconf 91' lang='grc'><strong>188.</strong></span> <span class='ocrx_word' id='word_1_525' title='bbox 556 5397 645 5455; x_wconf 74' lang='lat' dir='ltr'>auda</span> <span class='ocrx_word' id='word_1_526' title='bbox 662 5396 738 5454; x_wconf 69' lang='grc'><strong>18581</strong></span> 
     </span>
    </p>
   </div>
   <div class='ocr_carea' id='block_1_38' title="bbox 1258 5001 1475 5014">
    <p class='ocr_par' dir='ltr' id='par_1_44' title="bbox 1258 5001 1475 5014">
     <span class='ocr_line' id='line_1_91' title="bbox 1258 5001 1475 5014; baseline -0.005 -1"><span class='ocrx_word' id='word_1_527' title='bbox 1258 5001 1475 5014; x_wconf 46' lang='lat' dir='ltr'>m„</span> 
     </span>
    </p>
   </div>
   <div class='ocr_carea' id='block_1_39' title="bbox 1284 5089 1730 5235">
    <p class='ocr_par' dir='ltr' id='par_1_45' title="bbox 1284 5089 1730 5235">
     <span class='ocr_line' id='line_1_92' title="bbox 1285 5089 1686 5161; baseline -0.03 -13"><span class='ocrx_word' id='word_1_528' title='bbox 1285 5092 1313 5158; x_wconf 80' lang='grc'>5)</span> <span class='ocrx_word' id='word_1_529' title='bbox 1335 5091 1423 5146; x_wconf 83' lang='lat' dir='ltr'>Dans.</span> <span class='ocrx_word' id='word_1_530' title='bbox 1439 5089 1686 5161; x_wconf 69' lang='lat' dir='ltr'>Quodrbartium.</span> 
     </span>
     <span class='ocr_line' id='line_1_93' title="bbox 1284 5163 1730 5235; baseline -0.022 -10"><span class='ocrx_word' id='word_1_531' title='bbox 1284 5172 1315 5235; x_wconf 82' lang='lat'>6)</span> <span class='ocrx_word' id='word_1_532' title='bbox 1335 5172 1441 5226; x_wconf 82' lang='lat' dir='ltr'>Prodiit</span> <span class='ocrx_word' id='word_1_533' title='bbox 1458 5172 1503 5225; x_wconf 83' lang='lat' dir='ltr'>bic</span> <span class='ocrx_word' id='word_1_534' title='bbox 1520 5171 1590 5224; x_wconf 86' lang='lat' dir='ltr'>liber</span> <span class='ocrx_word' id='word_1_535' title='bbox 1607 5185 1631 5220; x_wconf 83' lang='lat' dir='ltr'>a.</span> <span class='ocrx_word' id='word_1_536' title='bbox 1652 5163 1730 5217; x_wconf 74' lang='grc'><strong>1858.</strong></span> 
     </span>
    </p>
   </div>
   <div class='ocr_carea' id='block_1_40' title="bbox 1282 5238 2242 5462">
    <p class='ocr_par' dir='ltr' id='par_1_46' title="bbox 1282 5238 2242 5462">
     <span class='ocr_line' id='line_1_94' title="bbox 1282 5238 2241 5323; baseline -0.017 -17"><span class='ocrx_word' id='word_1_537' title='bbox 1282 5255 1310 5323; x_wconf 79' lang='lat'>⁰)</span> <span class='ocrx_word' id='word_1_538' title='bbox 1326 5253 1368 5305; x_wconf 79' lang='lat' dir='ltr'>Eo</span> <span class='ocrx_word' id='word_1_539' title='bbox 1387 5264 1511 5322; x_wconf 86' lang='lat' dir='ltr'>tempore</span> <span class='ocrx_word' id='word_1_540' title='bbox 1531 5251 1633 5320; x_wconf 70' lang='lat' dir='ltr'>Georg.</span> <span class='ocrx_word' id='word_1_541' title='bbox 1652 5243 1809 5301; x_wconf 82' lang='lat' dir='ltr'>Praetorius</span> <span class='ocrx_word' id='word_1_542' title='bbox 1826 5254 1919 5318; x_wconf 74' lang='lat' dir='ltr'>paster</span> <span class='ocrx_word' id='word_1_543' title='bbox 1939 5243 1991 5299; x_wconf 81' lang='grc'><strong>1811</strong></span> <span class='ocrx_word' id='word_1_544' title='bbox 2011 5246 2039 5298; x_wconf 83' lang='grc'>18</span> <span class='ocrx_word' id='word_1_545' title='bbox 2059 5238 2241 5306; x_wconf 57' lang='lat' dir='ltr'>afflatore,</span> 
     </span>
     <span class='ocr_line' id='line_1_95' title="bbox 1320 5307 2242 5392; baseline -0.016 -17"><span class='ocrx_word' id='word_1_546' title='bbox 1320 5328 1351 5376; x_wconf 90' lang='grc'>81</span> <span class='ocrx_word' id='word_1_547' title='bbox 1361 5339 1392 5375; x_wconf 82' lang='lat' dir='ltr'>es</span> <span class='ocrx_word' id='word_1_548' title='bbox 1403 5338 1468 5392; x_wconf 81' lang='lat' dir='ltr'>epp.</span> <span class='ocrx_word' id='word_1_549' title='bbox 1484 5321 1517 5374; x_wconf 87' lang='lat' dir='ltr'>sd</span> <span class='ocrx_word' id='word_1_550' title='bbox 1529 5317 1567 5374; x_wconf 85' lang='lat' dir='ltr'>G.</span> <span class='ocrx_word' id='word_1_551' title='bbox 1581 5317 1669 5375; x_wconf 82' lang='lat' dir='ltr'>Praet.</span> <span class='ocrx_word' id='word_1_552' title='bbox 1684 5314 1855 5386; x_wconf 62' lang='lat' dir='ltr'>intelligitur.</span> <span class='ocrx_word' id='word_1_553' title='bbox 1888 5314 1937 5370; x_wconf 79' lang='grc'>881</span> <span class='ocrx_word' id='word_1_554' title='bbox 1954 5322 2047 5368; x_wconf 73' lang='lat' dir='ltr'>sete·</span> <span class='ocrx_word' id='word_1_555' title='bbox 2059 5310 2134 5362; x_wconf 70' lang='lat' dir='ltr'>tec·</span> <span class='ocrx_word' id='word_1_556' title='bbox 2145 5307 2242 5374; x_wconf 76' lang='grc'><strong>88818,</strong></span> 
     </span>
     <span class='ocr_line' id='line_1_96' title="bbox 1317 5382 2153 5462; baseline -0.007 -17"><span class='ocrx_word' id='word_1_557' title='bbox 1317 5388 1470 5462; x_wconf 63' lang='lat' dir='ltr'>ganno·</span> <span class='ocrx_word' id='word_1_558' title='bbox 1483 5382 1633 5456; x_wconf 66' lang='lat' dir='ltr'>Seianum,</span> <span class='ocrx_word' id='word_1_559' title='bbox 1647 5382 1733 5442; x_wconf 80' lang='lat' dir='ltr'>istius</span> <span class='ocrx_word' id='word_1_560' title='bbox 1741 5384 1915 5440; x_wconf 63' lang='grc'><strong>8888188188.</strong></span> <span class='ocrx_word' id='word_1_561' title='bbox 2150 5438 2153 5443; x_wconf 84' lang='grc'><strong>,</strong></span> 
     </span>
    </p>
   </div>
   <div class='ocr_carea' id='block_1_41' title="bbox 0 0 2392 6024">
    <p class='ocr_par' dir='ltr' id='par_1_47' title="bbox 0 0 2392 6024">
     <span class='ocr_line' id='line_1_97' title="bbox 0 0 2392 6024; baseline 0 2"><span class='ocrx_word' id='word_1_562' title='bbox 0 0 2392 6024; x_wconf 95' lang='lat' dir='ltr'> </span> 
     </span>
    </p>
   </div>
  </div>
 </body>
</html>
