4776 6024
226 302 269 374 11
800 283 1236 365 EPISTOLARUM
1286 288 1396 362 LlB.
1421 289 1503 364 ΧΠ.
1557 289 1688 369 1653.

229 484 317 543 strat
330 488 459 559 agnum
473 459 553 546 Dei,
574 460 636 553 qui
649 457 745 531 tollit
759 474 898 553 peccata
915 476 1048 546 nostra,
1067 461 1221 533 attidem

230 574 392 643 adfirmat
421 587 494 634 esse
522 562 687 632 fiduciam
713 563 975 632 misericordiae
996 565 1220 656 acquiescen-

230 687 303 743 tem
320 671 369 739 in
397 665 615 749 Mediatore,
654 685 716 733 scu
748 664 786 732 in
809 661 885 735 Deo
913 679 1058 757 propter
1080 663 1221 735 Media-

230 787 353 843 torem.

332 883 436 955 Hanc
464 903 538 951 esse
561 879 666 950 Pauli
695 881 925 967 sententiam,
959 876 1052 950 nihil
1071 881 1220 951 dubium

232 1001 294 1059 est.
353 983 446 1056 Cum
472 995 589 1052 autem
621 982 814 1073 plurimum
841 984 970 1073 prosit,
1006 1005 1108 1052 nosse
1129 983 1222 1050 inte-

232 1111 331 1180 gram
356 1085 479 1155 seriem
505 1082 753 1172 disputationis
776 1084 815 1151 in
835 1081 966 1168 Paulo,
1000 1085 1112 1175 probo
1136 1107 1223 1152 con-

233 1189 354 1260 silium
369 1185 555 1256 reverendi
571 1183 748 1267 Doctoris,
774 1180 991 1255 Alexandri
1000 1180 1139 1269 Alesii,
1160 1184 1222 1277 qui

233 1289 383 1360 fideliter
402 1289 504 1356 docet
524 1286 562 1353 in
586 1282 775 1355 Academia
798 1284 937 1375 lsipsica
962 1308 1089 1377 puram
1103 1280 1224 1355 Evan-

234 1390 318 1479 gelii
344 1388 562 1466 doctrinam,
597 1399 633 1455 ει
653 1410 735 1455 vera
758 1387 981 1457 invocatione
998 1384 1112 1457 Deum
1130 1386 1225 1468 colit,

235 1491 332 1585 quod
362 1485 426 1558 has
455 1488 715 1578 propositiones
741 1489 902 1557 collectas
924 1489 962 1556 in
986 1512 1096 1557 uncam
1122 1488 1225 1554 volu-

236 1615 318 1661 men
342 1590 425 1660 edit.
487 1585 565 1658 Etsi
589 1588 685 1656 elsim
709 1587 747 1655 in
767 1587 870 1659 Pauli
895 1590 1055 1658 oratione
1078 1613 1151 1657 non
1176 1599 1226 1655 est

237 1689 464 1780 ambiguitas:
491 1703 609 1758 tamen
631 1713 710 1758 curn
734 1712 754 1756 a
772 1686 961 1759 Monachis
980 1704 1013 1760 ct
1029 1687 1227 1779 Auabapti·

236 1794 299 1862 stis
319 1792 537 1879 affinguntur
559 1790 798 1878 corruptelae,
823 1791 912 1860 utile
933 1806 985 1860 est
1001 1806 1115 1860 extare
1134 1790 1227 1857 suitl-

238 1906 356 1963 torum
372 1891 571 1960 testimonia
588 1892 631 1957 de
646 1891 797 1980 simplici
812 1904 846 1961 et
861 1893 979 1960 nativa
994 1893 1177 1962 sententia.

341 2003 407 2077 Est
431 2019 464 2074 et
485 2006 686 2075 iunioribus
711 2009 960 2078 monstrandus
985 2012 1073 2077 ordo
1099 2031 1228 2085 rcrtrus,

239 2132 327 2207 quae
359 2109 568 2191 traduntur,
608 2120 642 2176 ει
669 2109 826 2177 membra
858 2110 1228 2197 distinguesula·sunt.

198 2237 204 2247 ·
238 2210 336 2283 Haec
357 2209 441 2278 facit
464 2209 542 2298 pius
564 2210 755 2297 interpres,
790 2232 864 2278 non
887 2211 999 2298 giguit
1023 2234 1132 2278 novas
1149 2233 1229 2277 sen-

239 2310 377 2385 tentias.
415 2300 607 2377 Osiander
624 2309 759 2399 inquit:
785 2307 854 2377 Per
869 2312 975 2379 unius
992 2311 1229 2380 obedientiam

239 2412 476 2484 iustificantur
493 2410 619 2493 multi,¹
645 2409 770 2493 idest,
795 2424 858 2502 per
869 2410 1115 2490 divinitatem,
1142 2433 1231 2503 quae

239 2514 322 2585 iecit
330 2507 514 2581 Christum
528 2510 685 2595 obedire,
702 2510 936 2581 iustificantur
950 2512 1066 2585 ceteri.
1094 2510 1230 2582 Etiam-

241 2616 273 2686 si
295 2634 419 2683 verum
440 2625 509 2697 est,
541 2607 658 2681 Deum
682 2609 798 2701 ipsum
821 2613 993 2682 efficacem
1018 2637 1091 2682 esse
1108 2616 1145 2682 in
1165 2610 1230 2696 his,

243 2714 308 2809 qui
332 2726 603 2783 convertuntur:
637 2725 756 2782 tamen
781 2710 912 2783 Paulus
941 2709 999 2782 hic
1031 2718 1075 2784 de
1103 2716 1230 2786 merito

241 2812 378 2889 Christi
403 2813 579 2904 loquitur,
611 2816 871 2905 propterquod
897 2816 1087 2904 accipimus
1107 2818 1231 2886 remis·

243 2919 379 2986 sionem
401 2928 623 3004 peccatorum
647 2926 680 2981 et
702 2914 1035 2983 reconciliationem.
1087 2919 1154 2989 Sed
1181 2917 1233 2983 le-

244 3032 322 3089 ctor
341 3016 417 3105 ipse
440 3014 597 3082 conterat
621 3012 937 3102 interpretationes.
994 3014 1076 3083 Tibi
1103 3032 1233 3098 autem,

244 3111 553 3189 Reverendissime
574 3107 753 3197 Antistes,
784 3113 958 3184 mittimus
986 3110 1070 3185 haec
1094 3118 1234 3208 scripta,

245 3216 330 3313 quia
353 3226 388 3285 st
411 3213 543 3283 iudicio
566 3208 804 3283 Ecclesiarum
830 3208 916 3284 haec
941 3217 1166 3303 subiicimus,
1200 3229 1235 3287 et

244 3340 328 3388 vere
342 3326 521 3407 optamus,
545 3327 585 3384 ut
601 3310 779 3384 Ecclesiae
796 3339 908 3385 unum
925 3317 996 3389 sint
1012 3319 1049 3386 in
1065 3320 1160 3405 Deo,
1186 3319 1233 3388 si-

246 3431 308 3490 cut
327 3416 401 3509 ipse
419 3414 596 3486 Dominus
625 3428 745 3485 noster
767 3414 863 3487 lesus
885 3413 1048 3490 Christus
1073 3436 1234 3513 precatus

248 3532 315 3589 est:
356 3514 461 3586 Pater
484 3528 619 3598 sancte,
652 3539 750 3585 serva
775 3540 834 3587 eos
857 3519 895 3586 in
917 3522 1061 3590 nominc
1086 3537 1164 3606 tuo,
1196 3534 1235 3590 ut

245 3642 361 3691 unum
383 3618 454 3687 sint
475 3615 515 3685 in
531 3617 646 3691 nobis.
697 3612 754 3687 Ad
773 3613 880 3690 huius
894 3623 1023 3690 summi
1038 3622 1235 3694 Sacerdotis

248 3717 364 3791 nostri
384 3718 619 3811 precationem
643 3732 678 3788 ει
699 3730 781 3789 vota
802 3733 837 3791 ει
851 3724 1000 3811 gemitus
1017 3739 1155 3794 nostros
1172 3725 1236 3793 ad-

247 3819 428 3913 iungimus
452 3833 486 3889 ει
509 3842 650 3889 oramus
673 3842 773 3904 eum,
810 3838 851 3893 ιιι
872 3823 947 3913 ipse
970 3847 1035 3893 nos
1058 3827 1181 3895 doceat
1203 3838 1237 3894 et

247 3924 438 4014 gubernet,
462 3933 497 3991 et
512 3920 635 4005 saciat,
661 3933 701 3989 ut
718 3920 756 3988 in
773 3920 849 4013 ipso
866 3947 978 3993 unum
992 3924 1115 4001 simus.
1139 3924 1238 3997 Bene

249 4024 338 4097 vale.
362 4018 438 4094 Cal.
455 4019 530 4096 Ian.
556 4017 666 4092 Anno
682 4018 792 4099 1653.
818 4020 1066 4114 Witebesgae.

253 4246 712 4266 mum—te*-

264 4416 333 4491 No.
348 4414 463 4493 6806.

260 4512 474 4551 Μ

1114 4447 1147 4505 ι.
1160 4434 1224 4500 Ian.

1101 4527 1239 4559 M

601 4614 653 4704 G.
672 4616 895 4711 Gracama.

323 4774 409 4846 Epist.
427 4772 474 4831 lib.
487 4770 520 4830 ΙΙ.
538 4791 564 4846 p.
577 4772 637 4831 stt.
653 4776 708 4845 (sd.
726 4776 813 4838 bend.
831 4782 880 4841 lib.
892 4784 928 4841 ll.
946 4806 989 4860 ep.
1003 4787 1086 4865 idi).

255 4926 311 5008 D.
329 4923 530 5026 Georgia
546 4924 793 5025 Cracaaia,
817 4935 1042 5019 Daet.Iaris
1055 4942 1245 5032 etGonss'l.

635 5032 754 5109 Eleas.
767 5035 864 5120 Sax.

260 5168 310 5258 S.
337 5181 383 5256 D.
441 5180 644 5255 Clarissima
668 5189 725 5257 vir
750 5204 785 5263 et
809 5195 920 5266 amice
945 5195 1167 5294 charissime,
1198 5205 1247 5283 Et

261 5310 384 5357 eruore
406 5299 469 5359 tuo
492 5297 527 5355 et
550 5286 751 5360 assiduitate
767 5319 874 5387 quam
889 5298 927 5368 in
943 5306 1130 5381 scribendo
1146 5335 1248 5403 prae-

264 5386 394 5473 stitisti,
418 5387 585 5472 delectur,
610 5400 679 5457 tres
696 5390 792 5463 enim
806 5419 827 5467 a
841 5410 875 5468 te
888 5396 1067 5495 Epistulas
1080 5411 1120 5485 in
1135 5416 1246 5505 pstsia

2207 307 2253 379 12

1270 475 1429 530 amanter
1452 473 1487 531 et
1505 462 1659 551 graviter
1679 464 1827 557 scriptas
1850 472 1985 563 accepi,
2018 474 2156 568 tibique
2180 496 2259 564 gra·

1272 563 1355 632 tiam
1378 558 1507 645 habeo,
1541 576 1575 633 et
1596 564 1709 634 multo
1732 582 1812 638 ante
1834 572 1879 640 ad
1904 586 1937 642 te
1961 576 2197 665 scripsissem,
2227 574 2258 646 si

1272 664 1473 735 tabellarios
1489 658 1701 740 habuissem.
1751 666 1840 739 Heri
1856 675 1961 742 etiam
1976 673 2176 767 Bibliopola
2195 677 2259 770 qui

1271 760 1515 862 Knipstrusa'i
1529 766 1810 839 lucubrationem
1828 778 1994 848 attulerat
2009 793 2133 846 stractus
2148 780 2261 847 corni-

1273 881 1343 951 tes,
1369 867 1486 935 subito
1506 867 1684 955 ingressus
1699 884 1750 940 est
1767 871 1843 959 iter,
1868 900 1908 946 ac
1926 879 1984 946 vis
2002 880 2159 969 spacium
2175 904 2262 949 con-

1274 967 1375 1037 cessit
1397 968 1441 1036 ad
1462 969 1725 1039 rescribendum
1747 975 1882 1063 optimo
1905 978 2064 1070 Principi
2088 973 2264 1050 Pomera-

1274 1066 1371 1141 niae.
1420 1066 1475 1137 De
1499 1068 1688 1140 Academia
1712 1074 1817 1160 scito,
1849 1074 1916 1147 Dei
1941 1082 2131 1165 beneficio,
2163 1084 2264 1153 nulla

1275 1194 1370 1237 ntrrsc
1392 1169 1463 1239 luis
1480 1173 1638 1261 contagia
1657 1174 1794 1261 vagari,
1824 1191 1857 1247 ει
1872 1194 2056 1275 postquam
2073 1181 2263 1255 Saturnus

1275 1270 1416 1359 lutsgius
1445 1274 1583 1341 recedet
1610 1274 1657 1341 ab
1680 1272 1866 1372 Aquario,
1899 1304 2001 1372 spero
2029 1285 2263 1354 salubriorem

1275 1377 1390 1441 adrem
1411 1372 1506 1455 lore,
1531 1372 1608 1443 Deo
1629 1376 1754 1461 dante,
1778 1376 1820 1450 la
1840 1370 1872 1475 ᾧ
1893 1377 2015 1475 ζῶμεν
2021 1436 2033 1469 ,
2060 1382 2124 1457 καὶ
2140 1381 2263 1479 ἐσμὲν,

1276 1468 1339 1543 καὶ
1354 1466 1578 1564 κινούμεθα.
1616 1470 1764 1546 Ederae
1777 1477 1892 1551 adhuc
1908 1499 1958 1555 est
1977 1483 2166 1579 Argeliae,
2192 1485 2234 1560 V
2233 1486 2265 1556 i-

1278 1582 1337 1641 tas
1360 1575 1397 1640 in
1419 1568 1627 1666 Taringia,
1662 1591 1696 1647 et
1717 1574 1905 1652 Erasmus
1930 1584 2201 1660 Mathematicus
2226 1591 2265 1658 in

1279 1675 1402 1765 patria.
1455 1673 1527 1743 Vos
1541 1672 1700 1747 hortatus
1715 1704 1792 1751 sum
1804 1681 1976 1778 βραδέως
1993 1682 2167 1761 σπεύδειν
2180 1715 2265 1781 pro·

1280 1789 1357 1866 pter
1374 1772 1552 1868 hyemem,
1576 1804 1666 1870 quae
1682 1783 1749 1853 erit
1763 1778 1955 1857 horridior.
2015 1787 2172 1883 Oppidi,
2198 1790 2267 1861 Dei

1280 1877 1470 1961 beneficio,
1508 1881 1697 1949 mediocris
1724 1900 1776 1954 est
1804 1891 2049 1981 tranquillitas.
2117 1891 2269 1963 Bellicus

1281 1991 1466 2068 apparatus
1488 1983 1649 2049 nossdum
1672 1985 1852 2072 audimus,
1878 1992 2010 2060 semina
2035 1989 2102 2063 hoc
2122 1994 2266 2086 quidem

1282 2092 1438 2168 tempore
1459 2101 1641 2172 nunquam
1666 2084 1804 2160 desunt.
1855 2089 1922 2159 Sed
1947 2117 2011 2161 oro
2035 2093 2167 2162 Filium
2188 2093 2270 2177 Dei,

1282 2181 1462 2248 custodem
1488 2176 1664 2251 Ecclesiae
1693 2207 1795 2271 suae,
1827 2204 1867 2259 ut
1895 2217 1961 2261 rios
1993 2209 2162 2284 protegat.
2222 2192 2269 2265 Et

1282 2281 1365 2373 quia
1386 2280 1535 2351 veniunt
1557 2280 1647 2351 milti
1664 2285 1703 2353 in
1719 2306 1872 2363 suentem
1890 2294 2072 2377 versiculi,
2097 2319 2186 2389 quos
2200 2292 2269 2366 ho-

1283 2381 1340 2450 die
1355 2381 1393 2448 in
1408 2381 1497 2450 lecto
1514 2383 1594 2470 feci,
1620 2387 1732 2457 multa
1745 2392 1901 2480 cogitans
1916 2396 1960 2464 de
1973 2397 2127 2486 publicis
2145 2409 2180 2466 et
2193 2384 2269 2487 pri-2

1283 2483 1372 2550 vatis
1389 2482 1556 2563 miseriis,
1583 2487 1685 2555 mitto
1703 2490 1769 2559 tibi
1788 2516 1846 2562 eos
1862 2494 1900 2561 in
1915 2497 2047 2584 pagella
2066 2499 2270 2589 descriptos.

1282 2581 1518 2653 Ecclesiartun
1544 2587 1584 2654 in
1610 2582 1769 2682 Mysia,
1802 2588 2009 2689 Taringia,
2042 2592 2269 2668 Pomerania

1284 2698 1317 2755 ει
1332 2679 1506 2752 Sao-onia
1531 2691 1744 2759 mediocrem
1768 2718 1975 2766 consensum
1999 2722 2070 2768 esse
2094 2701 2270 2774 existimo.

1285 2783 1325 2852 lu
1350 2778 1505 2852 l'russia
1526 2783 1861 2890 devcspayusaiaaas
1885 2801 2014 2869 mortui
2040 2789 2189 2869 Cleonis
2209 2815 2271 2871 ιιι-

1285 2886 1451 2954 multuari
1478 2911 1550 2955 uon
1573 2892 1764 2981 desinunt,
1791 2900 1853 2966 scd
1875 2923 1976 2990 spero
1995 2900 2109 2970 Deum
2132 2925 2273 2991 repres-

1284 3009 1406 3055 surum
1431 3010 1504 3056 esse
1525 2988 1605 3058 illos
1627 2994 1774 3070 latreus.
1826 2997 1956 3090 Ineptit
1971 2997 1991 3072 ὃ
2007 2998 2193 3100 μαργίτου
2207 2996 2272 3074 κό-

1285 3089 1353 3168 λαξ
1379 3082 1442 3158 καὶ
1472 3082 1707 3184 ὅδύσοδμος
1721 3089 1770 3194 *).
1830 3096 1985 3172 Oremus
2006 3102 2121 3175 Deum
2146 3120 2187 3175 ιιι
2206 3127 2271 3174 uos

1285 3191 1466 3279 gubernet.
1516 3188 1573 3261 Aa
1595 3198 1735 3267 moenia
1759 3200 1859 3270 urbis
1878 3197 2058 3274 Metensis
2083 3205 2184 3275 aiunt
2204 3200 2273 3293 τὸν

1286 3286 1462 3363 αῑακίδαν
1485 3291 1675 3368 infeliciter
1695 3323 1867 3391 pugnasse
1888 3317 1922 3373 ει
1939 3308 2164 3375 vulneratum
2184 3329 2273 3390 esse,

1287 3389 1372 3465 haec
1400 3416 1480 3462 cum
1509 3417 1590 3466 meo
1619 3402 1759 3472 somnio
1786 3423 1995 3492 congruunt.
2062 3404 2159 3475 Bene
2181 3406 2272 3480 vale.

1286 3492 1432 3568 Calend.
1450 3492 1616 3568 Ianuarii.
1667 3498 1776 3573 Plura
1794 3527 1867 3572 nou
1886 3509 1982 3596 potui
2000 3509 2165 3581 scribere.
2209 3504 2276 3579 Sa-

1287 3595 1397 3665 lutem
1412 3608 1494 3686 opto
1509 3594 1555 3670 D.
1570 3596 1774 3691 Suanema,
1800 3600 1961 3677 Antonia
1977 3622 2011 3678 ει
2025 3601 2161 3683 Paula.

1301 3948 1369 4039 No.
1383 3962 1494 4042 6307.

1295 4061 1507 4102 Μ

2157 3972 2267 4045 1.Ιειι.

2134 4066 2276 4095 Μ

1609 4172 1677 4259 Ia.
1701 4174 1957 4261 Praetoria.

1443 4330 1529 4401 Epist.
1545 4331 1593 4390 ns.
1607 4333 1641 4391 V.
1658 4350 1685 4407 p.
1701 4330 1750 4388 tto
1760 4350 1819 4405 sqq.
1846 4406 1851 4414 .

1293 4480 1508 4559 Iohanni
1536 4484 1801 4576 Praetoria,
1835 4484 1978 4563 docemi
1999 4487 2149 4584 Evang.
2176 4484 2282 4562 Vra-

1693 4588 1879 4669 satanae.

1294 4724 1411 4859 S.,t).
1468 4737 1599 4811 Sumus
1622 4740 1660 4810 in
1686 4764 1727 4812 eo
1751 4758 1870 4824 coetu,
1907 4742 1968 4835 qui
1994 4739 2151 4811 studium
2174 4737 2283 4813 habet

1295 4840 1470 4924 veritatis,
1494 4854 1530 4910 ει
1543 4853 1596 4911 est
1608 4838 1691 4913 vertl
1701 4840 1771 4914 ¹Dei
1785 4840 1953 4915 Ecclesia.
2003 4842 2149 4933 Semper
2163 4858 2284 4915 autem

1296 4942 1334 5009 in
1360 4936 1427 5010 hoc
1450 4942 1526 5031 ipso
1549 4956 1651 5023 coetu
1668 4958 1770 5029 sunt,
1802 4958 1928 5031 enant,
1960 4958 1994 5014 et
2010 4944 2154 5016 fuerunt
2170 4936 2286 5014 multa

1296 5055 1417 5112 tenera
1438 5042 1605 5113 membra.
1665 5042 1785 5135 Quare
1810 5044 1944 5116 etiamsi
1968 5044 2133 5115 incidunt
2150 5045 2285 5114 alicubi

1297 5142 1550 5225 dissensiones,
1592 5170 1665 5215 non
1697 5146 1741 5214 de
1762 5146 2015 5229 fundamento,
2049 5147 2112 5215 sed
2137 5146 2181 5215 de
2205 5146 2287 5215 alii's

1297 5243 1472 5314 materiis:
1514 5259 1631 5316 tamen
1662 5268 1735 5314 non
1756 5258 1840 5315 sunt
1860 5245 2039 5315 faciendae
2063 5246 2288 5317 dilaceratio-

1300 5386 1514 5404 m

1333 5442 1366 5512 Ιι’)
1381 5440 1537 5497 διιιιεεειιε.
