4776 6024
168 207 240 282 105
736 185 1176 262 uetsronsuou
1229 189 1473 271 rlss.x11.···
1502 188 1637 267 1sss.
1745 153 1750 158 “
2063 138 2068 145 ’
2130 188 2208 271 sss

171 377 373 454 Chamensi.
394 371 556 461 Cumque
572 365 778 436 fasciculum
792 363 976 434 literarum
992 362 1180 453 scriptum,
1213 357 1297 445 στός
1313 360 1363 456 ⁸),
1397 366 1497 436 cuius
1519 364 1633 462 oratio
1659 364 1702 434 de
1717 360 1883 435 Ecclesiis
1907 366 1954 436 ad
1974 361 2205 461 strabum

174 486 218 555 ad
254 479 430 573 quendam
460 462 763 551 Rostochianum,
804 453 1016 561 Caspiarum
1046 458 1164 533 Pass-
1211 467 1290 537 fuit.
1327 462 1426 559 Opto
1441 481 1483 537 ut
1498 465 1707 557 gubernatio
1720 468 1767 539 sit
1779 467 1894 539 fausta
1911 468 2054 541 estatis.
2085 463 2232 539 Mar..

178 577 314 662 maleit,
339 574 432 644 mitti
451 573 578 641 vellem
594 568 871 658 lngolstadium‚
897 568 980 637 dedi
996 569 1163 636 mandata
1214 561 1339 638 chinni
1351 566 1520 641 Electori
1531 569 1613 637 misi
1627 569 1796 662 scriptum
1809 570 1853 639 de
1867 563 2049 641 Stanenri
2060 574 2209 645 conub-

176 673 380 755 Melchiori
395 666 605 757 Michne'li,
630 670 769 740 Pastori
792 667 970 740 Ecclesiae
985 665 1164 739 Chamen-
1212 673 1326 740 versia
1340 665 1387 768 ⁵),
1413 673 1509 763 quod
1524 671 1658 741 retexui
1675 684 1754 761 post
1768 671 1867 740 illam
1883 673 2074 766 sylvulam,
2096 699 2208 768 quam

177 787 235 867 sis,
258 794 300 850 ut
314 793 376 848 aut
391 779 465 869 ipse
479 773 738 865 ingolstadium
754 774 881 853 mittat,
907 772 937 840 si
950 771 1035 840 certi
1049 770 1165 838 tabel·
1214 773 1346 845 vidisti.
1396 770 1493 842 Bene
1508 786 1543 841 et
1558 773 1708 841 feliciter
1723 775 1812 847 vale.
1863 770 1931 841 Die
1949 773 2149 846 Laurentii.

175 885 257 955 larii
278 907 318 950 ex
333 875 471 950 Chamo
493 902 533 947 eo
555 876 840 967 proficiscantur,
866 887 928 942 aut
949 872 1015 942 tibi
1038 872 1165 942 mittat.

177 985 336 1073 Quaeso,
370 995 412 1051 ut
439 977 588 1049 honesto
620 972 759 1046 homini
788 975 1006 1044 declaremus
1033 974 1073 1039 in
1096 967 1165 1040 hoc

176 1087 293 1156 officio
314 1097 472 1152 nostram
494 1078 788 1149 benevolentiam.
837 1075 972 1146 Natura
987 1074 1166 1166 praeclara

178 1202 245 1268 est,
278 1200 312 1256 et
338 1208 440 1275 spero
460 1182 541 1250 usui
563 1181 637 1249 fore
659 1176 904 1268 Reipublicae.
954 1175 1041 1245 Misi
1059 1168 1167 1243 Met-

179 1282 298 1357 chiori
309 1286 477 1374 scriptum
493 1306 612 1350 meum
628 1283 671 1351 de
684 1274 899 1349 Mediolon
913 1290 1036 1347 contra
1051 1272 1168 1344 Stan-

180 1412 325 1472 carum,
351 1387 449 1477 quod
472 1385 593 1473 legito.
643 1378 732 1450 Heri
754 1376 825 1450 huc
846 1379 1037 1449 venitDux
1055 1378 1167 1449 Saxo-

179 1493 274 1573 niae,
312 1483 502 1581 Augustus
521 1478 578 1576 ⁴),
618 1485 713 1574 quod
745 1484 899 1550 faustum
934 1494 968 1548 et
999 1479 1082 1547 felix
1112 1477 1166 1546 sit.

179 1591 278 1660 Bene
294 1591 383 1660 vale.
437 1587 502 1657 Die
518 1586 553 1659 6.
572 1581 744 1674 Augusti..

691 1680 880 1773 Philippus
895 1675 1119 1751 Melanthon.

196 2061 262 2131 No.
278 2055 392 2129 5447.

188 2156 400 2190 w

453 2251 602 2334 loma.
626 2249 903 2336 camerario.

252 2413 366 2486 Epistol.
383 2411 415 2464 ad
430 2411 569 2465 Camerar.
587 2429 614 2480 p.
626 2408 678 2463 673
688 2427 728 2479 sq.
747 2409 804 2481 (ed.
817 2407 907 2462 Lond.
919 2408 967 2463 lib.
975 2407 1021 2461 lv,
1029 2409 1081 2478 ep.
1090 2405 1172 2471 ata).

993 2054 1164 2173 Q

185 2562 410 2644 Clarissimo
424 2565 530 2651 Vim,
551 2560 752 2635 eruditione
766 2574 798 2634 et
813 2564 941 2635 virtute
955 2564 1173 2659 praestanti,

187 2662 445 2744 ΙοαεΙιίννιοι
469 2657 767 2752 camerario,
796 2666 924 2765 fratri
953 2690 1022 2736 suo
1056 2666 1171 2735 caris-

625 2792 738 2854 semo,

185 2909 235 2999 S.
261 2920 307 2994 D.
358 2914 437 2989 Oro
461 2916 576 2986 filium
591 2912 660 2983 Dei
681 2917 859 2985 custodem
879 2913 1076 3007 Ecclesiae,
1106 2917 1172 2983 do,-

185 3026 325 3097 minum
348 3033 511 3088 nostrum
525 3013 641 3086 lesum
655 3011 859 3099 Christum,
892 3030 932 3085 ut
953 3030 987 3086 te
1002 3014 1172 3086 etEccle-

185 3130 273 3199 siam
294 3136 393 3192 tuam
417 3118 643 3188 domesticam
659 3131 693 3186 et
707 3111 860 3206 hospitia
875 3131 989 3191 vestra
1004 3116 1172 3209 protegat.

185 3228 319 3299 Filium
350 3217 379 3290 I
378 3213 585 3291 oachimum
623 3217 750 3286 vellem
785 3211 844 3311 hic
877 3220 972 3308 apud
1003 3224 1171 3308 genitum

185 3352 304 3398 meum
327 3347 419 3404 esse,
445 3322 547 3392 cuius
568 3320 784 3389 consuetudo
801 3321 967 3410 prodesse
983 3320 1014 3388 ei
1031 3320 1171 3410 poterit.

184 3430 303 3501 Novas
327 3424 599 3496 deliberationes
620 3424 782 3491 nondum
804 3416 936 3506 habeo,
969 3444 1170 3514 quanquam

187 3533 290 3601 exilia
309 3549 431 3596 rursus
447 3525 663 3616 impendent.
712 3518 761 3593 Et
775 3524 958 3593 minantur
973 3524 1077 3593 nobis
1090 3523 1171 3616 qui-

184 3635 268 3702 dam
283 3653 357 3698 non
374 3628 532 3700 obscure.
584 3625 670 3695 Vidi
683 3624 802 3695 literas
824 3629 900 3695 τῶν
914 3617 1169 3721 θριαμβευόν-
1186 3672 1188 3677 -

150 3752 154 3760 ’
185 3758 263 3806 των
271 3728 298 3827 ¹)
310 3725 374 3801 καὶ
386 3721 660 3816 παιανιζόντων
675 3721 733 3798 ἐπὶ
742 3721 934 3820 ἡμετέραις
948 3728 1169 3822 συμφοραῖς.

184 3834 269 3905 Ideo
296 3835 414 3902 minus
440 3830 588 3899 miratus
611 3852 688 3897 sum
704 3852 763 3913 ea,
789 3851 877 3918 quae
903 3829 948 3897 ad
973 3842 1007 3898 te
1031 3828 1171 3919 scripsit

185 3933 204 4007 ὁ
223 3930 415 4032 ἀρκῑόχειρ
430 3928 471 4027 ²).
523 3930 692 4001 Feramus
707 3922 768 3997 has
783 3929 906 3997 fatales
922 3953 1041 4036 rerum
1057 3943 1091 3997 et
1105 3953 1169 3997 vo-

185 4043 362 4108 luntatum
380 4033 604 4105 mutationes.

285 4155 408 4242 Regiis
431 4152 543 4220 literis
564 4173 672 4219 vocor
693 4149 731 4215 in
755 4143 940 4235 Angliam‚
971 4171 1060 4238 quae
1083 4149 1169 4216 scri-

185 4275 264 4354 ptae
292 4268 375 4324 sunt
397 4274 516 4318 mense
541 4250 652 4323 Maio.
715 4246 840 4318 Postea
863 4248 979 4317 secula
1002 4261 1055 4319 est
1074 4273 1169 4317 mors

94 4414 98 4419 -
184 4354 399 4432 nobilissimi
424 4351 654 4420 adolescentis
670 4346 720 4440 ³),
757 4351 819 4441 qui
846 4351 950 4419 etiam
976 4344 1029 4420 est
1051 4374 1168 4420 exem-

185 4466 284 4554 plum
309 4456 487 4527 humanae
512 4450 775 4521 imbecillitatis.
825 4448 910 4520 Fuit
933 4445 991 4519 hic
1018 4447 1168 4543 ὃσεβα-

180 4631 407 4650 ...ὑ-ου·-

215 4716 246 4784 *)
267 4713 394 4767 Redierat
410 4708 522 4762 ineunte
536 4705 605 4774 Aug.
618 4724 648 4757 ex
661 4705 765 4788 Dania.
789 4715 814 4757 et
827 4704 880 4757 iam
895 4704 1067 4790 Vitebergam
1082 4705 1165 4772 venit,

252 4794 281 4837 ut
299 4783 373 4839 cives
393 4780 422 4833 in
438 4776 522 4830 fidem
542 4791 619 4828 snam
641 4775 775 4846 adigeret,
809 4791 866 4843 quo
883 4771 955 4829 facto
977 4773 1106 4828 salutatus
1126 4784 1166 4827 est

248 4853 373 4924 princeps
384 4847 503 4902 Elector.
586 4865 591 4871 ·

216 4958 244 5021 1)
262 4952 465 5007 Flauianarum.
485 4947 517 5003 C.
530 4945 588 5003 W.

213 5057 244 5128 Ω)
262 5049 455 5131 Berolinensis.
466 5046 563 5130 ΜΝ..
584 5077 613 5128 7
645 5040 803 5127 „Georgium
814 5037 990 5121 Anballipus,
1004 5043 1162 5126 ⁸utppipor,

247 5126 368 5249 au
384 5108 978 5252 satiamus..:alulit
1002 5113 1162 5182 a...

202 5296 240 5366 ’8)
255 5292 349 5349 Dubio
365 5295 453 5350 estet,
469 5279 672 5336 Melsutbonesu
686 5279 761 5350 loqui
776 5278 810 5334 de
822 5278 953 5361 Eduprdo
964 5282 1022 5352 regi
1034 5281 1159 5354 ciogliae,

244 5364 291 5436 qui
302 5359 369 5414 obiit
381 5357 408 5412 d.
421 5355 447 5410 6.
461 5354 513 5408 tut.
529 5346 604 5404 155⁸·
617 5349 774 5405 adolescens
785 5350 922 5406 sexdecim
934 5367 1080 5405 annorum.

1903 870 2105 968 Philippus.

1228 1205 1294 1275 No.
1309 1203 1421 1289 5448.

1220 1303 1432 1340 m

1394 1392 1665 1512 (Teste'most.¹
1694 1403 1752 1489 de
1782 1403 2025 1529 Msdlero.)
2055 1496 2062 1509 „

1286 1567 1308 1633 †
1329 1564 1366 1617 Er
1381 1583 1475 1636 apogr.
1489 1564 1518 1617 in
1531 1563 1594 1619 cod.
1604 1561 1691 1619 Paris.
1709 1563 1745 1619 D.
1759 1563 1789 1620 L.
1803 1565 1865 1620 54⁴.

2039 1224 2099 1285 12·
2111 1217 2197 1301 Aug.

2028 1305 2203 1338 m

1218 1716 1485 1791 Testimonium
1512 1684 1642 1792 datum
1659 1646 1961 1815 'Barataeio
1995 1664 2209 1804 Muilerlo'

1422 1820 1679 1921 (Mollem),
1704 1824 1995 1923 Hamburgensi.
2058 1898 2072 1911 ,.

1220 1957 1267 2043 S.
1289 1966 1333 2041 D.
1360 1971 1527 2041 omuibus
1543 1973 1686 2045 lecturis
1700 1970 1764 2045 has
1777 1975 1911 2051 literas.
1960 1975 2063 2050 Nihil
2076 1983 2212 2058 virtute

1220 2071 1407 2143 amabilius
1424 2087 1485 2142 est.
1536 2072 1657 2161 Quare
1670 2101 1733 2146 sua
1749 2078 1877 2172 cuique
1890 2080 2006 2150 virtus
2021 2084 2209 2179 praecipua

1220 2175 1479 2242 commendatio
1503 2188 1565 2243 est·
1614 2174 1686 2249 Sed
1709 2190 1827 2249 tamen
1846 2192 1889 2251 ut
1911 2183 2029 2254 aditus
2044 2187 2090 2273 ad
2104 2188 2209 2278 igno·

1221 2288 1275 2344 tos
1292 2274 1338 2344 sit
1351 2274 1507 2361 facilior,
1532 2277 1675 2366 prodest
1689 2273 1820 2349 habere
1833 2283 2046 2373 testimonia.
2079 2282 2130 2359 Et
2143 2292 2208 2359 de-

1221 2401 1282 2445 cus
1304 2389 1356 2447 est
1369 2378 1526 2467 conspici
1541 2379 1641 2467 signa
1653 2380 1922 2453 benevolentiae
1939 2398 1976 2471 et
1986 2389 2208 2461 coniunctio-

1222 2478 1277 2546 nis
1310 2500 1391 2546 cum
1423 2479 1503 2563 aliis
1527 2474 1685 2569 honestis
1706 2476 1924 2565 bominibus.
1979 2482 2082 2581 Huic,
2100 2492 2211 2581 igitur

1221 2571 1447 2648 Bernhardo
1470 2575 1639 2651 Multam
1660 2581 2096 2683 Hamburgensiperegre
2125 2596 2212 2685 pro,-

1220 2683 1355 2750 fecturo
1371 2680 1453 2751 dedi
1467 2677 1537 2751 hoc
1551 2684 1811 2772 testimonium,
1836 2711 1908 2756 non
1926 2689 2040 2761 sotum
2055 2716 2103 2762 ne
2118 2696 2209 2787 qpid

1222 2781 1432 2872 suspicionis
1453 2784 1528 2854 eius
1551 2785 1619 2853 iter
1639 2780 1803 2874 haberet,
1826 2790 1888 2858 sed
1905 2790 2009 2885 etiam
2028 2800 2071 2864 ut
2091 2795 2138 2865 sit
2157 2786 2210 2865 siss

1222 2884 1398 2974 gnificatio
1417 2896 1451 2952 et
1468 2885 1592 2953 iudicii
1606 2888 1661 2961 ¹de
1687 2887 1765 2978 ipso
1789 2890 1860 2958 mei
1885 2904 1920 2960 et
1941 2891 2211 2968 benevolentiae

1221 3007 1330 3067 meae.
1380 2983 1515 3075 Natura
1526 2978 1746 3067 Berhhardi‘
1754 2991 1996 3089 doctrinarum
2017 3000 2125 3087 c'apax
2146 3013 2208 3084 est,

1222 3098 1262 3154 et
1284 3108 1366 3155 cum
1390 3076 1650 3171 ‚sit'moderaat
1665 3102 1701 3171 et
1721 3093 1911 3163 domestica
1932 3092 2123 3188 disciplina
2140 3095 2208 3170 ho-

1222 3198 1321 3255 nesta
1341 3188 1541 3277 accesserit,
1566 3177 1649 3260 vera
1669 3189 1798 3282 pietate
1810 3190 1926 3264 Deum
1941 3196 2044 3284 colit,
2067 3213 2103 3271 et
2115 3216 2209 3272 amat

1223 3287 1391 3359 iustitiam
1407 3305 1442 3362 et
1455 3296 1605 3360 caeteras
1619 3292 1778 3366 virtutes.
1827 3293 1941 3379 Natus
1953 3309 2006 3368 est
2018 3299 2057 3367 in
2070 3294 2207 3371 familia

1222 3384 1369 3459 honesta
1394 3391 1545 3484 inclytae
1566 3386 1665 3463 urbis
1680 3392 1926 3486 Hambdrgae‚
1950 3423 2041 3493 quae
2058 3424 2132 3470 non
2148 3427 2208 3471 so-

1222 3492 1316 3575 lum,
1338 3504 1379 3561 ut
1392 3490 1563 3580 Massilia,
1587 3495 1751 3567 civilibus
1766 3496 1958 3569 virtutibus
1973 3502 2118 3588 excellit,
2143 3507 2208 3573 sed

1223 3593 1328 3661 etiam
1356 3592 1577 3669 domicilium
1596 3610 1647 3667 est
1666 3592 1842 3668 Ecclesiae
1864 3600 1949 3686 Dei,
1991 3603 2138 3705 etvcives
2160 3609 2207 3675 ad

1222 3690 1341 3762 ver'am
1365 3696 1623 3765 invocationem
1638 3693 1706 3766 Dei
1728 3711 1763 3769 et
1781 3701 1860 3790 pios
1880 3726 1996 3773 mores
2012 3707 2206 3781 assuefacit

1220 3793 1361 3864 Deinde
1380 3820 1464 3866 vero
1488 3792 1546 3866 hic
1562 3793 1792 3870 Bernhatdus
1815 3802 1997 3874 innostra
2014 3801 2205 3878 Academia

1220 3892 1468 3987 philosophiae
1489 3898 1593 3967 initia
1612 3899 1754 3986 didicit,
1786 3915 1821 3972 et
1844 3898 1982 3974 audivit
2002 3907 2206 3978 uberiorem

1222 3997 1488 4086 explicationem
1511 4000 1694 4068 doctrinae
1716 4002 1966 4075 ecclesiasticae
1988 4022 2026 4078 et
2046 4023 2206 4081 veterum

1221 4121 1261 4166 ac
1280 4099 1474 4169 tacentium
1499 4102 1839 4186 controversiarum,
1865 4107 2055 4199 dequibus
2071 4113 2207 4203 ample-

1220 4198 1327 4268 ctitur
1350 4216 1559 4291 perpetuum
1580 4226 1797 4273 consensum
1813 4201 1989 4277 Ecclesiae
2012 4208 2206 4283 catholicae

1220 4294 1373 4379 Christi,
1404 4303 1468 4392 qui
1488 4316 1522 4372 et
1542 4303 1582 4373 in
1605 4319 1727 4376 nostra
1749 4307 1968 4397 confessione
1990 4314 2206 4399 continetur,

1220 4415 1253 4472 et
1276 4398 1443 4472 abhorret
1465 4404 1510 4473 ab
1528 4406 1693 4475 omnibus
1709 4408 1871 4478 fanaticis
1886 4425 1920 4482 et
1936 4413 2110 4484 seditiosis
2124 4417 2204 4506 opi-

1219 4504 1409 4585 nionibus,
1433 4529 1474 4574 ac
1495 4505 1606 4573 animi
1629 4507 1775 4597 pietate,
1800 4534 1882 4580 vera
1895 4512 2117 4584 invocatione
2133 4513 2206 4586 Dei

1218 4617 1252 4674 et
1265 4598 1414 4676 honesta
1427 4630 1565 4677 morum
1582 4608 1836 4697 gubernatione
1850 4614 2012 4687 declarat.
2061 4611 2109 4684 ln
2124 4639 2206 4688 aca-

1217 4706 1332 4776 demia
1354 4704 1595 4778 Rostochiana
1626 4722 1772 4807 ornatus
1803 4728 1855 4783 est
1877 4717 1988 4802 gradu
2009 4717 2205 4809 magisterii

1215 4801 1472 4897 philosophici,
1502 4810 1565 4878 ubi
1584 4811 1768 4881 familiaris
1789 4815 1859 4884 fuit
1884 4816 1970 4886 viris
1990 4818 2202 4890 doctissimis

1217 4902 1383 4976 Amoldo
1398 4903 1564 4978 Burenio
1580 4925 1614 4981 et
1628 4907 1778 4982 Davidi
1791 4907 1965 5009 Chytreo.
1989 4916 2096 4990 Nunc
2110 4915 2203 4991 hanc

1192 5010 1532 5100 peregrinationem
1552 5016 1721 5105 suscepit,
1754 5029 1795 5086 ut
1815 5018 1970 5089 celebres
1993 5015 2203 5095 Academias

1243 5201 1273 5270 4)
1289 5203 1446 5286 Angustus.
1471 5203 1527 5286 vid.
1544 5224 1587 5327 ep.
1600 5206 1635 5262 sd
1650 5206 1771 5290 serata..
1780 5206 1807 5262 d.
1817 5208 1846 5263 6.
1858 5208 1927 5291 dog.
1960 5213 2036 5294 Eam
2052 5211 2105 5267 nl>
2123 5211 2203 5268 initio

1277 5288 1378 5325 menses
1395 5276 1551 5343 Angustiae
1572 5283 1638 5328 terat
1653 5292 1684 5326 ex
1697 5277 1796 5332 Dema.
1833 5278 1894 5334 Vsd.
1912 5278 2033 5337 stadam
2052 5283 2154 5355 p0808·

1242 5351 1272 5420 6)
1290 5354 1353 5410 Vid.
1373 5354 1450 5426 epist.
1469 5355 1496 5410 d.
1514 5356 1538 5409 l.
1551 5357 1624 5425 Aug.
1641 5356 1718 5414 1558.
