4776 6024
739 115 1222 196 ANNALES-VITAE
1251 114 1384 199 MEL.
1431 114 1568 198 'totu
1619 112 1751 195 1654.

276 344 332 412 24.
371 336 548 421 Occupatns
564 347 609 397 est
623 334 778 396 scribendo
793 333 932 398 adversus
945 331 1252 397 Sohuenckfaldium.

274 461 333 527 25.
368 457 499 520 Uberius
522 456 651 536 exponit
672 455 746 538 quid
768 464 876 515 statuat
897 454 934 514 de
953 453 1070 531 forma,
1097 474 1156 538 qua
1177 474 1270 515 coena
1289 473 1370 516 sacra
1391 455 1431 515 ait
1453 453 1644 534 celebranda,
1669 468 1828 542 narratque
1847 448 2074 542 abrogationem
2097 469 2273 537 elevationis

423 554 593 619 aLuthero
606 556 726 617 lactem.
779 552 891 637 θὴρ.
910 550 1093 641 (1.31Ἇ1αιι.
1111 556 1211 635 1554.
1687 570 1690 575 ·
1903 561 1906 565 ’

371 673 521 738 Dresdem
535 687 658 736 vocetur
674 686 799 757 propter
815 669 997 735 Academiae
1009 672 1131 735 reditur.

259 792 338 857 Dec.

306 926 340 992 4.
376 912 551 978 Mdaothon
570 936 641 975 cnm
665 908 823 991 Greseero,
848 909 970 975 Pastore
981 908 1108 988 Dresd.,
1133 906 1267 970 Dresdae
1288 908 1372 970 audit
1392 905 1558 970 Martinam
1573 906 1747 992 Wolfium,
1774 909 1928 978 Pastorem
1944 917 2192 1006 Colditzleosem,
2217 932 2274 1014 qui

265 1024 289 1071 0
423 1038 479 1101 pro
504 1021 667 1093 concione,
691 1026 844 1098 praesente
856 1012 996 1095 Augusto
1016 1010 1171 1089 Electora,
1198 1011 1332 1090 dixerat,
1359 1008 1506 1071 loannem
1519 1008 1705 1075 Fridericum
1727 1029 1757 1077 et
1777 1017 1883 1076 urbem
1897 1016 2093 1106 Magdebnrg.
2115 1024 2274 1113 Evangelii

424 1139 511 1181 cause
528 1139 546 1179 a
561 1117 687 1180 Caesare
710 1132 739 1180 et
754 1116 898 1180 Mauritio
913 1115 1053 1178 Electore
1076 1117 1156 1174 bello
1183 1126 1308 1175 vexatos
1332 1135 1405 1174 essa.
1457 1107 1564 1191 Quum
1577 1111 1713 1179 Wolfius
1734 1114 1960 1182 aMelanthone
1978 1137 2008 1186 et
2025 1121 2163 1190 Gresserc
2184 1153 2273 1196 asna

423 1223 612 1282 sententiose
627 1225 719 1282 averti
736 1241 798 1280 nou
816 1240 919 1300 passus
934 1221 984 1295 sit,
1009 1222 1042 1277 in
1055 1236 1200 1277 carcerem
1214 1219 1366 1275 coniectus
1379 1226 1409 1274 at
1425 1213 1453 1274 d.
1477 1220 1530 1281 13.
1547 1210 1612 1276 Ian.
1630 1220 1733 1286 1654.
1749 1242 1788 1281 ex
1805 1224 1890 1282 terrie
1905 1220 2051 1289 Electorie
2062 1198 2205 1311 exduleus
2216 1249 2272 1300 est.

422 1321 531 1385 Postea
547 1327 657 1384 electus
671 1335 714 1384 eet
728 1319 832 1383 Pastor
846 1327 879 1383 iu
894 1321 1008 1402 oppido
1023 1316 1125 1387 Kahla
1138 1323 1171 1377 in
1185 1313 1363 1398 Thuringie.
1402 1313 1514 1377 Totam
1529 1338 1593 1376 rem
1608 1325 1739 1383 narravit
1753 1319 1887 1402 Seliglus
1902 1328 1934 1387 in
1950 1326 2022 1391 hist.
2038 1327 2171 1412 Augurt.
2190 1331 2273 1399 Gon.

422 1426 493 1493 l'ess.
520 1423 558 1486 T.
573 1420 632 1486 lll.
660 1446 691 1504 p·
708 1430 779 1492 222
802 1446 847 1507 sq.
874 1444 914 1484 ax
929 1423 1133 1501 manuscripto
1157 1422 1190 1478 in
1219 1417 1410 1479 bibliotheca
1422 1412 1697 1500 Guelpherb'ytana.
1760 1419 1916 1487 Habentur
1944 1430 1977 1488 in
2006 1433 2073 1494 cod.
2100 1430 2194 1501 Goth.
2214 1439 2274 1507 94.

424 1525 505 1589 Acta
517 1524 631 1589 Wotfii
645 1547 714 1586 cum
731 1519 840 1606 Saligii
860 1528 1028 1585 narratione
1044 1525 1158 1603 ubique
1179 1522 1406 1595 convenientia,
1434 1530 1464 1579 et
1479 1521 1641 1601 inscripta:
1675 1516 1834 1604 „historia
1861 1521 1994 1594 Wottlnl
2018 1528 2138 1614 lliulfii,
2167 1531 2222 1603 mle
2244 1557 2275 1605 η

425 1640 483 1693 ceu
498 1641 599 1709 tregru
617 1621 694 1690 einer
709 1621 848 1708 treuga
873 1621 917 1689 tir
943 1642 972 1689 rr
988 1618 1036 1700 tiu
1056 1623 1121 1687 teu
1135 1615 1329 1700 socruum
1351 1634 1386 1702 ru
1402 1614 1533 1696 &odrico
1549 1617 1663 1704 {serm
1678 1621 1809 1707 degusto
1829 1641 1864 1709 ru
1879 1623 1984 1710 delcit
2005 1634 2127 1716 gernon,
2159 1633 2193 1718 ist
2215 1651 2275 1707 Μ»,

424 1727 517 1812 folgt,
540 1729 601 1793 uttb
619 1728 669 1793 διδ
683 1723 797 1792 dunbtss
812 1721 957 1802 temtiltt
970 1725 1121 1790 morben.”
1159 1720 1239 1784 Sunt
1255 1728 1300 1790 63
1320 1722 1408 1784 lolia.
1459 1720 1595 1785 Narratio
1611 1737 1711 1786 autem
1724 1749 1741 1787 a
1753 1725 1873 1810 Wolfio
1888 1735 1955 1812 ipso
1973 1751 2017 1797 est
2032 1744 2157 1821 scripto,
2184 1764 2276 1825 qum

425 1838 550 1894 minime
563 1832 621 1892 fide
635 1832 725 1911 digua
739 1844 820 1910 suut,
847 1852 923 1915 quae
937 1830 974 1891 de
989 1830 1144 1910 colloquio
1160 1845 1230 1886 cum
1243 1823 1439 1887 Melanthoue
1452 1823 1576 1904 habito,
1601 1826 1698 1906 dixit,
1723 1834 1810 1892 cuius
1824 1835 1970 1917 colloquii
1983 1856 2191 1921 argumentum
2207 1848 2278 1911 aetla

425 1939 565 2017 exposuit
582 1931 712 2014 Saligius
728 1935 753 1995 1.
770 1955 799 1995 c.

282 2051 338 2119 14.
376 2052 477 2116 Procli
486 2054 761 2136 interpretationem
777 2045 999 2133 Quadripertiti
1014 2045 1179 2110 Ptolemaei
1194 2038 1373 2105 Melanthon
1391 2046 1590 2125 nanciscitur,
1616 2067 1707 2130 qoam
1721 2047 1855 2115 editurus
1867 2065 1920 2121 est,

1159 2412 1328 2491 ΑΝΝΟ
1364 2413 1495 2492 root.

338 2933 348 2952 ,
385 2873 569 2940 concionem
583 2869 739 2934 Matthesii
753 2874 885 2935 editurus
899 2886 954 2953 est,
979 2875 1029 2935 oui
1044 2876 1110 2934 vult
1123 2875 1258 2942 intexere
1270 2869 1437 2933 doctrinam
1452 2868 1489 2931 de
1505 2874 1761 2939 consolationibus
1774 2852 1988 2937 st'dtsortmtns
2003 2874 2284 2961 philosophicarum

434 2979 675 3038 consolationum
689 2987 719 3036 et
731 2972 991 3056 Evangelicarum.

437 3459 485 3518 ep.
500 3437 530 3498 d.
539 3428 605 3502 ¹22.
617 3432 706 3495 Febr.

343 3596 350 3610 .
390 3552 468 3618 Cum
486 3551 631 3617 cracovia
651 3546 829 3611 Melanthon
854 3551 1051 3631 proficiscitur
1065 3542 1220 3628 Lipsiam,
1247 3559 1281 3609 ut
1296 3546 1438 3609 delibaret
1463 3570 1533 3610 curn
1550 3544 1720 3611 camerario
1737 3550 1774 3612 de
1788 3554 1970 3617 instituenda
1990 3554 2093 3619 schola
2112 3553 2289 3627 stettinensi

439 3662 472 3716 in
490 3654 675 3718 Pomereuia.

354 5115 363 5132 .
401 5072 601 5136 Proficiscitur
624 5072 662 5134 ad
685 5085 867 5135 conventum
880 5068 1110 5153 Theologorum
1127 5066 1366 5150 Saxcnlcomm,
1391 5070 1604 5134 Haseiacorum
1619 5081 1649 5130 et
1665 5064 1881 5146 Sues-iconum,
1908 5069 1962 5151 qui
1976 5071 2060 5133 iussu
2075 5066 2209 5153 Augusti
2224 5070 2300 5137 Ele·

453 5180 543 5238 ctoris
564 5173 752 5255 Naumburgi
773 5173 894 5234 habitus
915 5187 959 5237 est
978 5176 1016 5235 ed
1038 5175 1262 5236 deliberandum
1285 5176 1323 5236 de
1343 5175 1540 5237 declaratione
1556 5169 1675 5235 &erari
1690 5168 1787 5233 danda
1801 5182 1831 5232 et
1853 5169 2100 5235 adiudicandum
2114 5170 2152 5235 de
2165 5173 2301 5239 uentu

455 5274 598 5341 Odandri
613 5273 918 5340 etSclureockl'eldll.
1421 5296 1427 5322 ι
1472 5300 1476 5311 ·
1512 5264 1549 5437 'b
1561 5357 1585 5400 ι
1672 5306 1675 5313 ·
2159 5316 2162 5321 -
