<?xml version="1.0" encoding="UTF-8"?>
<!DOCTYPE html PUBLIC "-//W3C//DTD XHTML 1.0 Transitional//EN"
    "http://www.w3.org/TR/xhtml1/DTD/xhtml1-transitional.dtd">
<html xmlns="http://www.w3.org/1999/xhtml" xml:lang="en" lang="en">
 <head>
  <title>
</title>
<meta http-equiv="Content-Type" content="text/html;charset=utf-8" />
  <meta name='ocr-system' content='tesseract 3.04.00' />
  <meta name='ocr-capabilities' content='ocr_page ocr_carea ocr_par ocr_line ocrx_word'/>
</head>
<body>
  <div class='ocr_page' id='page_1' title='image "./philippimelanth09melagoog_0425.png"; bbox 0 0 4734 6016; ppageno 0'>
   <div class='ocr_carea' id='block_1_1' title="bbox 54 272 126 349">
    <p class='ocr_par' dir='ltr' id='par_1_1' title="bbox 54 272 126 349">
     <span class='ocr_line' id='line_1_1' title="bbox 54 272 126 349; baseline -0.028 0"><span class='ocrx_word' id='word_1_1' title='bbox 54 272 126 349; x_wconf 81' lang='lat' dir='ltr'><strong>eol</strong></span> 
     </span>
    </p>
   </div>
   <div class='ocr_carea' id='block_1_2' title="bbox 31 433 1052 1857">
    <p class='ocr_par' dir='ltr' id='par_1_2' title="bbox 31 433 1052 1857">
     <span class='ocr_line' id='line_1_2' title="bbox 171 433 1047 534; baseline -0.008 -19"><span class='ocrx_word' id='word_1_2' title='bbox 171 434 403 516; x_wconf 84' lang='lat' dir='ltr'><strong>Grimmense</strong></span> <span class='ocrx_word' id='word_1_3' title='bbox 440 437 647 512; x_wconf 76' lang='lat' dir='ltr'>incendium</span> <span class='ocrx_word' id='word_1_4' title='bbox 686 441 785 534; x_wconf 88' lang='lat' dir='ltr'><strong>prius</strong></span> <span class='ocrx_word' id='word_1_5' title='bbox 820 433 1047 530; x_wconf 72' lang='lat' dir='ltr'><strong>cognovistis,</strong></span> 
     </span>
     <span class='ocr_line' id='line_1_3' title="bbox 31 537 1052 641; baseline -0.011 -24"><span class='ocrx_word' id='word_1_6' title='bbox 31 568 164 641; x_wconf 73' lang='lat' dir='ltr'><strong>quem</strong></span> <span class='ocrx_word' id='word_1_7' title='bbox 183 568 262 620; x_wconf 88' lang='lat' dir='ltr'><strong>nos.</strong></span> <span class='ocrx_word' id='word_1_8' title='bbox 312 543 424 615; x_wconf 78' lang='lat' dir='ltr'>Periit</span> <span class='ocrx_word' id='word_1_9' title='bbox 446 543 628 636; x_wconf 87' lang='lat' dir='ltr'><strong>aliquanto</strong></span> <span class='ocrx_word' id='word_1_10' title='bbox 645 557 728 616; x_wconf 88' lang='lat' dir='ltr'><strong>ante</strong></span> <span class='ocrx_word' id='word_1_11' title='bbox 750 555 784 614; x_wconf 92' lang='lat' dir='ltr'><strong>et</strong></span> <span class='ocrx_word' id='word_1_12' title='bbox 800 537 1052 636; x_wconf 78' lang='lat' dir='ltr'><strong>Spremhergu</strong></span> 
     </span>
     <span class='ocr_line' id='line_1_4' title="bbox 55 641 1046 739; baseline -0.011 -20"><span class='ocrx_word' id='word_1_13' title='bbox 55 651 131 719; x_wconf 86' lang='lat' dir='ltr'><strong>fece</strong></span> <span class='ocrx_word' id='word_1_14' title='bbox 160 660 254 728; x_wconf 81' lang='lat' dir='ltr'><strong>tota,</strong></span> <span class='ocrx_word' id='word_1_15' title='bbox 288 646 327 717; x_wconf 91' lang='lat' dir='ltr'><strong>iu</strong></span> <span class='ocrx_word' id='word_1_16' title='bbox 359 645 476 716; x_wconf 84' lang='lat' dir='ltr'><strong>vicina</strong></span> <span class='ocrx_word' id='word_1_17' title='bbox 502 644 665 730; x_wconf 87' lang='lat' dir='ltr'><strong>Lusatia,</strong></span> <span class='ocrx_word' id='word_1_18' title='bbox 697 645 793 739; x_wconf 93' lang='lat' dir='ltr'><strong>quod</strong></span> <span class='ocrx_word' id='word_1_19' title='bbox 818 667 865 714; x_wconf 91' lang='lat' dir='ltr'><strong>an</strong></span> <span class='ocrx_word' id='word_1_20' title='bbox 892 641 1046 713; x_wconf 88' lang='lat' dir='ltr'><strong>audieris</strong></span> 
     </span>
     <span class='ocr_line' id='line_1_5' title="bbox 55 743 1045 836; baseline -0.009 -16"><span class='ocrx_word' id='word_1_21' title='bbox 55 747 189 822; x_wconf 84' lang='lat' dir='ltr'><strong>nescio.</strong></span> <span class='ocrx_word' id='word_1_22' title='bbox 240 745 284 819; x_wconf 91' lang='lat' dir='ltr'><strong>ln</strong></span> <span class='ocrx_word' id='word_1_23' title='bbox 307 743 362 817; x_wconf 92' lang='lat' dir='ltr'><strong>his</strong></span> <span class='ocrx_word' id='word_1_24' title='bbox 383 746 491 817; x_wconf 90' lang='lat' dir='ltr'><strong>tantis</strong></span> <span class='ocrx_word' id='word_1_25' title='bbox 512 746 666 817; x_wconf 89' lang='lat' dir='ltr'><strong>miseriis</strong></span> <span class='ocrx_word' id='word_1_26' title='bbox 685 745 880 817; x_wconf 90' lang='lat' dir='ltr'><strong>multorum</strong></span> <span class='ocrx_word' id='word_1_27' title='bbox 905 745 1045 836; x_wconf 87' lang='lat' dir='ltr'><strong>piorum</strong></span> 
     </span>
     <span class='ocr_line' id='line_1_6' title="bbox 55 838 1046 940; baseline -0.012 -16"><span class='ocrx_word' id='word_1_28' title='bbox 55 846 264 935; x_wconf 88' lang='lat' dir='ltr'><strong>hominum,</strong></span> <span class='ocrx_word' id='word_1_29' title='bbox 294 849 425 920; x_wconf 90' lang='lat' dir='ltr'><strong>ludunt</strong></span> <span class='ocrx_word' id='word_1_30' title='bbox 445 843 644 940; x_wconf 79' lang='lat' dir='ltr'><strong>sophistae,</strong></span> <span class='ocrx_word' id='word_1_31' title='bbox 675 857 711 919; x_wconf 91' lang='lat' dir='ltr'><strong>et</strong></span> <span class='ocrx_word' id='word_1_32' title='bbox 734 860 856 919; x_wconf 88' lang='lat' dir='ltr'><strong>contra</strong></span> <span class='ocrx_word' id='word_1_33' title='bbox 871 838 1046 918; x_wconf 79' lang='lat' dir='ltr'><strong>Meuium</strong></span> 
     </span>
     <span class='ocr_line' id='line_1_7' title="bbox 56 940 1046 1049; baseline -0.006 -25"><span class='ocrx_word' id='word_1_34' title='bbox 56 952 273 1045; x_wconf 82' lang='lat' dir='ltr'><strong>seeipsemnt</strong></span> <span class='ocrx_word' id='word_1_35' title='bbox 296 943 380 1048; x_wconf 79' lang='grc' dir='ltr'><strong>περὶ</strong></span> <span class='ocrx_word' id='word_1_36' title='bbox 402 946 543 1049; x_wconf 76' lang='grc' dir='ltr'><strong><em>ἔργων,</em></strong></span> <span class='ocrx_word' id='word_1_37' title='bbox 570 950 675 1021; x_wconf 87' lang='lat' dir='ltr'><strong>credo</strong></span> <span class='ocrx_word' id='word_1_38' title='bbox 698 971 843 1041; x_wconf 89' lang='lat' dir='ltr'><strong>prorsus</strong></span> <span class='ocrx_word' id='word_1_39' title='bbox 864 940 1046 1046; x_wconf 73' lang='grc' dir='ltr'><strong>πάρεργα,</strong></span> 
     </span>
     <span class='ocr_line' id='line_1_8' title="bbox 56 1049 1047 1142; baseline -0.009 -16"><span class='ocrx_word' id='word_1_40' title='bbox 56 1067 92 1126; x_wconf 87' lang='lat' dir='ltr'><strong>et</strong></span> <span class='ocrx_word' id='word_1_41' title='bbox 114 1054 247 1126; x_wconf 86' lang='lat' dir='ltr'><strong>librum</strong></span> <span class='ocrx_word' id='word_1_42' title='bbox 270 1049 517 1142; x_wconf 76' lang='lat' dir='ltr'><strong>Hamburgam</strong></span> <span class='ocrx_word' id='word_1_43' title='bbox 540 1051 734 1137; x_wconf 88' lang='lat' dir='ltr'><strong>miserunt,</strong></span> <span class='ocrx_word' id='word_1_44' title='bbox 766 1065 807 1122; x_wconf 91' lang='lat' dir='ltr'><strong>ut</strong></span> <span class='ocrx_word' id='word_1_45' title='bbox 831 1052 1047 1121; x_wconf 79' lang='lat' dir='ltr'>adderentur</span> 
     </span>
     <span class='ocr_line' id='line_1_9' title="bbox 56 1149 1047 1254; baseline -0.012 -26"><span class='ocrx_word' id='word_1_46' title='bbox 56 1149 289 1254; x_wconf 76' lang='grc' dir='ltr'><strong>ὑπογραφαί.</strong></span> <span class='ocrx_word' id='word_1_47' title='bbox 349 1152 420 1225; x_wconf 85' lang='lat' dir='ltr'><strong>Sed</strong></span> <span class='ocrx_word' id='word_1_48' title='bbox 440 1150 553 1224; x_wconf 86' lang='lat' dir='ltr'><strong>audio</strong></span> <span class='ocrx_word' id='word_1_49' title='bbox 570 1153 810 1245; x_wconf 88' lang='lat' dir='ltr'><strong>improbatum</strong></span> <span class='ocrx_word' id='word_1_50' title='bbox 832 1174 906 1222; x_wconf 82' lang='lat' dir='ltr'><strong>esse</strong></span> <span class='ocrx_word' id='word_1_51' title='bbox 928 1149 1047 1221; x_wconf 91' lang='lat' dir='ltr'><strong>consi-</strong></span> 
     </span>
     <span class='ocr_line' id='line_1_10' title="bbox 55 1248 1046 1348; baseline -0.009 -20"><span class='ocrx_word' id='word_1_52' title='bbox 55 1257 159 1331; x_wconf 88' lang='lat' dir='ltr'><strong>lium.</strong></span> <span class='ocrx_word' id='word_1_53' title='bbox 198 1254 292 1328; x_wconf 84' lang='lat' dir='ltr'><strong>Dedi</strong></span> <span class='ocrx_word' id='word_1_54' title='bbox 307 1254 383 1326; x_wconf 83' lang='lat' dir='ltr'><strong>fitio</strong></span> <span class='ocrx_word' id='word_1_55' title='bbox 398 1267 460 1326; x_wconf 93' lang='lat' dir='ltr'><strong>tuo</strong></span> <span class='ocrx_word' id='word_1_56' title='bbox 473 1248 600 1326; x_wconf 69' lang='lat' dir='ltr'><strong>Merui</strong></span> <span class='ocrx_word' id='word_1_57' title='bbox 613 1255 816 1348; x_wconf 89' lang='lat' dir='ltr'><strong>epistolam,</strong></span> <span class='ocrx_word' id='word_1_58' title='bbox 842 1277 948 1348; x_wconf 89' lang='lat' dir='ltr'><strong>quam</strong></span> <span class='ocrx_word' id='word_1_59' title='bbox 965 1251 1046 1320; x_wconf 91' lang='lat' dir='ltr'><strong>ideo</strong></span> 
     </span>
     <span class='ocr_line' id='line_1_11' title="bbox 54 1351 1047 1449; baseline -0.007 -21"><span class='ocrx_word' id='word_1_60' title='bbox 54 1359 150 1449; x_wconf 81' lang='lat' dir='ltr'><strong>leges</strong></span> <span class='ocrx_word' id='word_1_61' title='bbox 165 1357 339 1439; x_wconf 83' lang='lat' dir='ltr'><strong>libenter,</strong></span> <span class='ocrx_word' id='word_1_62' title='bbox 364 1356 448 1449; x_wconf 89' lang='lat' dir='ltr'><strong>quia</strong></span> <span class='ocrx_word' id='word_1_63' title='bbox 463 1358 641 1442; x_wconf 88' lang='lat' dir='ltr'><strong>ostendet,</strong></span> <span class='ocrx_word' id='word_1_64' title='bbox 667 1369 702 1426; x_wconf 92' lang='lat' dir='ltr'><strong>et</strong></span> <span class='ocrx_word' id='word_1_65' title='bbox 715 1355 838 1427; x_wconf 90' lang='lat' dir='ltr'><strong>iudicii</strong></span> <span class='ocrx_word' id='word_1_66' title='bbox 862 1351 1047 1425; x_wconf 88' lang='lat' dir='ltr'><strong>rectitudi-</strong></span> 
     </span>
     <span class='ocr_line' id='line_1_12' title="bbox 55 1454 1047 1549; baseline -0.008 -19"><span class='ocrx_word' id='word_1_67' title='bbox 55 1482 158 1546; x_wconf 87' lang='lat' dir='ltr'><strong>nem,</strong></span> <span class='ocrx_word' id='word_1_68' title='bbox 183 1473 218 1532; x_wconf 92' lang='lat' dir='ltr'><strong>et</strong></span> <span class='ocrx_word' id='word_1_69' title='bbox 233 1455 515 1531; x_wconf 81' lang='lat' dir='ltr'><strong>benevolentiam</strong></span> <span class='ocrx_word' id='word_1_70' title='bbox 533 1479 613 1547; x_wconf 82' lang='lat' dir='ltr'><strong>erga</strong></span> <span class='ocrx_word' id='word_1_71' title='bbox 631 1457 780 1544; x_wconf 88' lang='lat' dir='ltr'><strong>amicos,</strong></span> <span class='ocrx_word' id='word_1_72' title='bbox 806 1457 871 1527; x_wconf 89' lang='lat' dir='ltr'><strong>etsi</strong></span> <span class='ocrx_word' id='word_1_73' title='bbox 884 1454 1047 1549; x_wconf 90' lang='lat' dir='ltr'><strong>publicae</strong></span> 
     </span>
     <span class='ocr_line' id='line_1_13' title="bbox 56 1553 1045 1651; baseline -0.009 -19"><span class='ocrx_word' id='word_1_74' title='bbox 56 1560 266 1633; x_wconf 74' lang='lat' dir='ltr'><strong>calamitatis</strong></span> <span class='ocrx_word' id='word_1_75' title='bbox 287 1557 452 1651; x_wconf 71' lang='lat' dir='ltr'><strong>cogitatio</strong></span> <span class='ocrx_word' id='word_1_76' title='bbox 469 1558 629 1628; x_wconf 90' lang='lat' dir='ltr'><strong>dolorem</strong></span> <span class='ocrx_word' id='word_1_77' title='bbox 646 1559 779 1633; x_wconf 81' lang='lat' dir='ltr'><strong>afferet.</strong></span> <span class='ocrx_word' id='word_1_78' title='bbox 830 1553 910 1629; x_wconf 87' lang='lat' dir='ltr'><strong>Oro</strong></span> <span class='ocrx_word' id='word_1_79' title='bbox 931 1555 1045 1628; x_wconf 85' lang='lat' dir='ltr'><strong>lilium</strong></span> 
     </span>
     <span class='ocr_line' id='line_1_14' title="bbox 55 1655 1048 1752; baseline -0.007 -19"><span class='ocrx_word' id='word_1_80' title='bbox 55 1658 142 1747; x_wconf 90' lang='lat' dir='ltr'><strong>Dei,</strong></span> <span class='ocrx_word' id='word_1_81' title='bbox 174 1676 215 1733; x_wconf 91' lang='lat' dir='ltr'><strong>ut</strong></span> <span class='ocrx_word' id='word_1_82' title='bbox 241 1684 309 1732; x_wconf 90' lang='lat' dir='ltr'><strong>nos</strong></span> <span class='ocrx_word' id='word_1_83' title='bbox 340 1660 522 1751; x_wconf 77' lang='lat' dir='ltr'><strong>gubernet.</strong></span> <span class='ocrx_word' id='word_1_84' title='bbox 579 1655 633 1737; x_wconf 78' lang='lat' dir='ltr'><strong>Ex</strong></span> <span class='ocrx_word' id='word_1_85' title='bbox 655 1657 865 1731; x_wconf 84' lang='lat' dir='ltr'><strong>Pomerania</strong></span> <span class='ocrx_word' id='word_1_86' title='bbox 887 1655 1048 1752; x_wconf 89' lang='lat' dir='ltr'><strong>quotidie</strong></span> 
     </span>
     <span class='ocr_line' id='line_1_15' title="bbox 56 1757 988 1857; baseline -0.002 -23"><span class='ocrx_word' id='word_1_87' title='bbox 56 1763 247 1851; x_wconf 89' lang='lat' dir='ltr'><strong>nuncium,</strong></span> <span class='ocrx_word' id='word_1_88' title='bbox 272 1785 377 1857; x_wconf 90' lang='lat' dir='ltr'><strong>quem</strong></span> <span class='ocrx_word' id='word_1_89' title='bbox 391 1785 433 1831; x_wconf 90' lang='lat' dir='ltr'><strong>co</strong></span> <span class='ocrx_word' id='word_1_90' title='bbox 450 1759 550 1842; x_wconf 83' lang='lat' dir='ltr'><strong>miei,</strong></span> <span class='ocrx_word' id='word_1_91' title='bbox 577 1774 731 1856; x_wconf 86' lang='lat' dir='ltr'><strong>expecto.</strong></span> <span class='ocrx_word' id='word_1_92' title='bbox 782 1759 881 1831; x_wconf 88' lang='lat' dir='ltr'><strong>Bene</strong></span> <span class='ocrx_word' id='word_1_93' title='bbox 898 1757 988 1832; x_wconf 91' lang='lat' dir='ltr'><strong>vale.</strong></span> 
     </span>
    </p>
   </div>
   <div class='ocr_carea' id='block_1_3' title="bbox 826 1871 1027 1970">
    <p class='ocr_par' dir='ltr' id='par_1_3' title="bbox 826 1871 1027 1970">
     <span class='ocr_line' id='line_1_16' title="bbox 826 1871 1027 1970; baseline 0.005 -22"><span class='ocrx_word' id='word_1_94' title='bbox 826 1871 1027 1970; x_wconf 81' lang='lat' dir='ltr'><strong>Philippus.</strong></span> 
     </span>
    </p>
   </div>
   <div class='ocr_carea' id='block_1_4' title="bbox 55 2207 254 2284">
    <p class='ocr_par' dir='ltr' id='par_1_4' title="bbox 55 2207 254 2284">
     <span class='ocr_line' id='line_1_17' title="bbox 55 2207 254 2284; baseline 0.02 -4"><span class='ocrx_word' id='word_1_95' title='bbox 55 2207 124 2284; x_wconf 75' lang='lat' dir='ltr'><strong>No.</strong></span> <span class='ocrx_word' id='word_1_96' title='bbox 140 2208 254 2284; x_wconf 80' lang='grc'><strong>6068.</strong></span> 
     </span>
    </p>
   </div>
   <div class='ocr_carea' id='block_1_5' title="bbox 60 2304 234 2338">
    <p class='ocr_par' dir='ltr' id='par_1_5' title="bbox 60 2304 234 2338">
     <span class='ocr_line' id='line_1_18' title="bbox 60 2304 234 2338; baseline -0.011 0"><span class='ocrx_word' id='word_1_97' title='bbox 60 2304 234 2338; x_wconf 54' lang='grc' dir='ltr'><strong>Μ</strong></span> 
     </span>
    </p>
   </div>
   <div class='ocr_carea' id='block_1_6' title="bbox 182 2378 621 2477">
    <p class='ocr_par' dir='ltr' id='par_1_6' title="bbox 182 2378 621 2477">
     <span class='ocr_line' id='line_1_19' title="bbox 182 2378 621 2477; baseline -0.014 2"><span class='ocrx_word' id='word_1_98' title='bbox 182 2378 206 2417; x_wconf 83' lang='grc'><em>“</em></span> <span class='ocrx_word' id='word_1_99' title='bbox 481 2388 621 2477; x_wconf 88' lang='grc' dir='ltr'><strong>Ν.Ν.</strong></span> 
     </span>
    </p>
   </div>
   <div class='ocr_carea' id='block_1_7' title="bbox 124 2541 710 2775">
    <p class='ocr_par' dir='ltr' id='par_1_7' title="bbox 124 2541 710 2775">
     <span class='ocr_line' id='line_1_20' title="bbox 124 2541 710 2617; baseline 0 -17"><span class='ocrx_word' id='word_1_100' title='bbox 124 2549 145 2612; x_wconf 80' lang='lat' dir='ltr'><strong>t</strong></span> <span class='ocrx_word' id='word_1_101' title='bbox 162 2541 201 2600; x_wconf 69' lang='lat' dir='ltr'><strong>a.</strong></span> <span class='ocrx_word' id='word_1_102' title='bbox 214 2560 308 2617; x_wconf 62' lang='lat' dir='ltr'><strong>apogr.</strong></span> <span class='ocrx_word' id='word_1_103' title='bbox 322 2543 351 2599; x_wconf 77' lang='lat' dir='ltr'><strong>a</strong></span> <span class='ocrx_word' id='word_1_104' title='bbox 367 2541 431 2601; x_wconf 75' lang='lat' dir='ltr'><strong>eoa.</strong></span> <span class='ocrx_word' id='word_1_105' title='bbox 445 2541 534 2601; x_wconf 64' lang='lat' dir='ltr'><strong>rar..</strong></span> <span class='ocrx_word' id='word_1_106' title='bbox 549 2542 585 2599; x_wconf 87' lang='lat' dir='ltr'><strong>o.</strong></span> <span class='ocrx_word' id='word_1_107' title='bbox 599 2542 631 2599; x_wconf 80' lang='lat' dir='ltr'><strong>u.</strong></span> <span class='ocrx_word' id='word_1_108' title='bbox 645 2543 710 2600; x_wconf 67' lang='lat' dir='ltr'><strong>ses.</strong></span> 
     </span>
     <span class='ocr_line' id='line_1_21' title="bbox 428 2695 670 2775; baseline -0.004 -4"><span class='ocrx_word' id='word_1_109' title='bbox 428 2695 494 2771; x_wconf 78' lang='lat' dir='ltr'><strong>Ad</strong></span> <span class='ocrx_word' id='word_1_110' title='bbox 505 2746 670 2775; x_wconf 90' lang='grc'><strong>......</strong></span> 
     </span>
    </p>
   </div>
   <div class='ocr_carea' id='block_1_8' title="bbox 55 2820 1049 4135">
    <p class='ocr_par' dir='ltr' id='par_1_8' title="bbox 55 2820 1049 4135">
     <span class='ocr_line' id='line_1_22' title="bbox 56 2820 1046 2909; baseline -0.009 -1"><span class='ocrx_word' id='word_1_111' title='bbox 56 2820 104 2908; x_wconf 81' lang='lat' dir='ltr'><strong>S.</strong></span> <span class='ocrx_word' id='word_1_112' title='bbox 130 2833 173 2909; x_wconf 89' lang='lat' dir='ltr'><strong>D.</strong></span> <span class='ocrx_word' id='word_1_113' title='bbox 226 2833 436 2908; x_wconf 85' lang='lat' dir='ltr'><strong>Revereudc</strong></span> <span class='ocrx_word' id='word_1_114' title='bbox 464 2832 519 2901; x_wconf 88' lang='lat' dir='ltr'><strong>vir</strong></span> <span class='ocrx_word' id='word_1_115' title='bbox 549 2844 584 2901; x_wconf 91' lang='lat' dir='ltr'><strong>et</strong></span> <span class='ocrx_word' id='word_1_116' title='bbox 607 2831 724 2905; x_wconf 88' lang='lat' dir='ltr'><strong>cariss.</strong></span> <span class='ocrx_word' id='word_1_117' title='bbox 752 2832 871 2904; x_wconf 83' lang='lat' dir='ltr'><strong>irater.</strong></span> <span class='ocrx_word' id='word_1_118' title='bbox 923 2828 1046 2900; x_wconf 86' lang='lat' dir='ltr'><strong>Tertia</strong></span> 
     </span>
     <span class='ocr_line' id='line_1_23' title="bbox 56 2931 1045 3031; baseline -0.003 -26"><span class='ocrx_word' id='word_1_119' title='bbox 56 2931 143 3007; x_wconf 89' lang='lat' dir='ltr'><strong>haec</strong></span> <span class='ocrx_word' id='word_1_120' title='bbox 158 2934 305 3031; x_wconf 90' lang='lat' dir='ltr'><strong>epistola</strong></span> <span class='ocrx_word' id='word_1_121' title='bbox 320 2949 384 3019; x_wconf 91' lang='lat' dir='ltr'><strong>est,</strong></span> <span class='ocrx_word' id='word_1_122' title='bbox 409 2957 516 3028; x_wconf 90' lang='lat' dir='ltr'><strong>quam</strong></span> <span class='ocrx_word' id='word_1_123' title='bbox 532 2934 576 3003; x_wconf 89' lang='lat' dir='ltr'><strong>ad</strong></span> <span class='ocrx_word' id='word_1_124' title='bbox 592 2945 627 3004; x_wconf 89' lang='lat' dir='ltr'><strong>te</strong></span> <span class='ocrx_word' id='word_1_125' title='bbox 641 2946 720 3024; x_wconf 91' lang='lat' dir='ltr'><strong>post</strong></span> <span class='ocrx_word' id='word_1_126' title='bbox 736 2933 804 3003; x_wconf 92' lang='lat' dir='ltr'><strong>iter</strong></span> <span class='ocrx_word' id='word_1_127' title='bbox 815 2945 919 3003; x_wconf 92' lang='lat' dir='ltr'><strong>tuum</strong></span> <span class='ocrx_word' id='word_1_128' title='bbox 931 2932 1045 3002; x_wconf 89' lang='lat' dir='ltr'><strong>mitto.</strong></span> 
     </span>
     <span class='ocr_line' id='line_1_24' title="bbox 55 3030 1047 3124; baseline -0.009 -15"><span class='ocrx_word' id='word_1_129' title='bbox 55 3030 106 3109; x_wconf 81' lang='lat' dir='ltr'><strong>Et</strong></span> <span class='ocrx_word' id='word_1_130' title='bbox 141 3033 234 3110; x_wconf 87' lang='lat' dir='ltr'><strong>hanc</strong></span> <span class='ocrx_word' id='word_1_131' title='bbox 263 3035 503 3108; x_wconf 85' lang='lat' dir='ltr'><strong>assiduitatem</strong></span> <span class='ocrx_word' id='word_1_132' title='bbox 525 3033 565 3104; x_wconf 91' lang='lat' dir='ltr'><strong>in</strong></span> <span class='ocrx_word' id='word_1_133' title='bbox 591 3034 779 3105; x_wconf 89' lang='lat' dir='ltr'><strong>scribendo</strong></span> <span class='ocrx_word' id='word_1_134' title='bbox 806 3046 946 3124; x_wconf 88' lang='lat' dir='ltr'><strong>praesto</strong></span> <span class='ocrx_word' id='word_1_135' title='bbox 967 3056 1047 3103; x_wconf 93' lang='lat' dir='ltr'><strong>cum</strong></span> 
     </span>
     <span class='ocr_line' id='line_1_25' title="bbox 56 3134 1048 3233; baseline -0.006 -25"><span class='ocrx_word' id='word_1_136' title='bbox 56 3152 203 3233; x_wconf 89' lang='lat' dir='ltr'><strong>propter</strong></span> <span class='ocrx_word' id='word_1_137' title='bbox 218 3139 427 3223; x_wconf 89' lang='lat' dir='ltr'><strong>amicitiam,</strong></span> <span class='ocrx_word' id='word_1_138' title='bbox 453 3158 543 3231; x_wconf 89' lang='lat' dir='ltr'><strong>quae</strong></span> <span class='ocrx_word' id='word_1_139' title='bbox 559 3135 652 3206; x_wconf 91' lang='lat' dir='ltr'><strong>inter</strong></span> <span class='ocrx_word' id='word_1_140' title='bbox 666 3159 731 3206; x_wconf 89' lang='lat' dir='ltr'><strong>nos</strong></span> <span class='ocrx_word' id='word_1_141' title='bbox 749 3158 973 3229; x_wconf 88' lang='lat' dir='ltr'><strong>nequaquam</strong></span> <span class='ocrx_word' id='word_1_142' title='bbox 990 3134 1048 3203; x_wconf 84' lang='lat' dir='ltr'><strong>iu-</strong></span> 
     </span>
     <span class='ocr_line' id='line_1_26' title="bbox 57 3233 1048 3327; baseline -0.008 -16"><span class='ocrx_word' id='word_1_143' title='bbox 57 3262 138 3311; x_wconf 86' lang='lat' dir='ltr'><strong>cosa</strong></span> <span class='ocrx_word' id='word_1_144' title='bbox 155 3240 240 3327; x_wconf 83' lang='lat' dir='ltr'><strong>suit,</strong></span> <span class='ocrx_word' id='word_1_145' title='bbox 264 3253 341 3311; x_wconf 92' lang='lat' dir='ltr'><strong>tum</strong></span> <span class='ocrx_word' id='word_1_146' title='bbox 365 3253 406 3310; x_wconf 92' lang='lat' dir='ltr'><strong>ut</strong></span> <span class='ocrx_word' id='word_1_147' title='bbox 426 3239 529 3322; x_wconf 86' lang='lat' dir='ltr'><strong>scias,</strong></span> <span class='ocrx_word' id='word_1_148' title='bbox 555 3233 766 3307; x_wconf 87' lang='lat' dir='ltr'><strong>Academiae</strong></span> <span class='ocrx_word' id='word_1_149' title='bbox 787 3235 904 3306; x_wconf 86' lang='lat' dir='ltr'><strong>studia</strong></span> <span class='ocrx_word' id='word_1_150' title='bbox 927 3247 963 3305; x_wconf 89' lang='lat' dir='ltr'><strong>et</strong></span> <span class='ocrx_word' id='word_1_151' title='bbox 983 3256 1048 3304; x_wconf 90' lang='lat' dir='ltr'><strong>ne-</strong></span> 
     </span>
     <span class='ocr_line' id='line_1_27' title="bbox 57 3335 1048 3437; baseline -0.009 -24"><span class='ocrx_word' id='word_1_152' title='bbox 57 3341 170 3432; x_wconf 79' lang='lat' dir='ltr'><strong>gotia,</strong></span> <span class='ocrx_word' id='word_1_153' title='bbox 195 3365 285 3437; x_wconf 91' lang='lat' dir='ltr'><strong>quae</strong></span> <span class='ocrx_word' id='word_1_154' title='bbox 301 3354 335 3411; x_wconf 90' lang='lat' dir='ltr'><strong>te</strong></span> <span class='ocrx_word' id='word_1_155' title='bbox 351 3340 441 3410; x_wconf 88' lang='lat' dir='ltr'><strong>scire</strong></span> <span class='ocrx_word' id='word_1_156' title='bbox 454 3362 528 3409; x_wconf 89' lang='lat' dir='ltr'><strong>non</strong></span> <span class='ocrx_word' id='word_1_157' title='bbox 543 3353 596 3410; x_wconf 91' lang='lat' dir='ltr'><strong>est</strong></span> <span class='ocrx_word' id='word_1_158' title='bbox 608 3338 749 3412; x_wconf 86' lang='lat' dir='ltr'><strong>inutile.</strong></span> <span class='ocrx_word' id='word_1_159' title='bbox 796 3335 879 3407; x_wconf 87' lang='lat' dir='ltr'><strong>Non</strong></span> <span class='ocrx_word' id='word_1_160' title='bbox 894 3336 1048 3406; x_wconf 83' lang='lat' dir='ltr'><strong>arbitror</strong></span> 
     </span>
     <span class='ocr_line' id='line_1_28' title="bbox 58 3435 1047 3530; baseline -0.01 -18"><span class='ocrx_word' id='word_1_161' title='bbox 58 3439 126 3514; x_wconf 92' lang='lat' dir='ltr'><strong>hoc</strong></span> <span class='ocrx_word' id='word_1_162' title='bbox 139 3467 234 3514; x_wconf 90' lang='lat' dir='ltr'><strong>anno</strong></span> <span class='ocrx_word' id='word_1_163' title='bbox 253 3457 466 3514; x_wconf 87' lang='lat' dir='ltr'><strong>conventum</strong></span> <span class='ocrx_word' id='word_1_164' title='bbox 485 3435 723 3527; x_wconf 85' lang='lat' dir='ltr'><strong>theologicum</strong></span> <span class='ocrx_word' id='word_1_165' title='bbox 739 3440 834 3520; x_wconf 88' lang='lat' dir='ltr'><strong>fore,</strong></span> <span class='ocrx_word' id='word_1_166' title='bbox 859 3460 963 3530; x_wconf 89' lang='lat' dir='ltr'><strong>quem</strong></span> <span class='ocrx_word' id='word_1_167' title='bbox 979 3437 1047 3504; x_wconf 91' lang='lat' dir='ltr'><strong>scis</strong></span> 
     </span>
     <span class='ocr_line' id='line_1_29' title="bbox 58 3534 1046 3636; baseline -0.01 -22"><span class='ocrx_word' id='word_1_168' title='bbox 58 3567 78 3614; x_wconf 90' lang='lat' dir='ltr'><strong>a</strong></span> <span class='ocrx_word' id='word_1_169' title='bbox 96 3546 218 3614; x_wconf 90' lang='lat' dir='ltr'><strong>multis</strong></span> <span class='ocrx_word' id='word_1_170' title='bbox 240 3544 366 3633; x_wconf 86' lang='lat' dir='ltr'><strong>expeti.</strong></span> <span class='ocrx_word' id='word_1_171' title='bbox 417 3536 576 3636; x_wconf 79' lang='lat' dir='ltr'><strong>Saepius</strong></span> <span class='ocrx_word' id='word_1_172' title='bbox 596 3539 711 3608; x_wconf 87' lang='lat' dir='ltr'><strong>luerat</strong></span> <span class='ocrx_word' id='word_1_173' title='bbox 732 3539 861 3607; x_wconf 88' lang='lat' dir='ltr'><strong>missus</strong></span> <span class='ocrx_word' id='word_1_174' title='bbox 878 3534 1046 3606; x_wconf 84' lang='lat' dir='ltr'><strong>Ratisbo·</strong></span> 
     </span>
     <span class='ocr_line' id='line_1_30' title="bbox 57 3631 1047 3735; baseline -0.01 -21"><span class='ocrx_word' id='word_1_175' title='bbox 57 3668 153 3727; x_wconf 86' lang='lat' dir='ltr'><strong>nam,</strong></span> <span class='ocrx_word' id='word_1_176' title='bbox 177 3645 237 3713; x_wconf 89' lang='lat' dir='ltr'><strong>sed</strong></span> <span class='ocrx_word' id='word_1_177' title='bbox 253 3642 360 3711; x_wconf 87' lang='lat' dir='ltr'><strong>rediit</strong></span> <span class='ocrx_word' id='word_1_178' title='bbox 369 3637 407 3735; x_wconf 88' lang='lat'><strong>¹).</strong></span> <span class='ocrx_word' id='word_1_179' title='bbox 441 3637 615 3710; x_wconf 84' lang='lat' dir='ltr'><strong>Existimo</strong></span> <span class='ocrx_word' id='word_1_180' title='bbox 632 3636 765 3733; x_wconf 87' lang='lat' dir='ltr'><strong>Papam</strong></span> <span class='ocrx_word' id='word_1_181' title='bbox 778 3631 1047 3732; x_wconf 89' lang='lat' dir='ltr'><strong>prohibiturum</strong></span> 
     </span>
     <span class='ocr_line' id='line_1_31' title="bbox 57 3737 1047 3836; baseline -0.009 -22"><span class='ocrx_word' id='word_1_182' title='bbox 57 3767 131 3814; x_wconf 83' lang='lat' dir='ltr'><strong>esse</strong></span> <span class='ocrx_word' id='word_1_183' title='bbox 152 3743 371 3836; x_wconf 90' lang='lat' dir='ltr'><strong>colloquium</strong></span> <span class='ocrx_word' id='word_1_184' title='bbox 391 3764 474 3810; x_wconf 90' lang='lat' dir='ltr'><strong>suae</strong></span> <span class='ocrx_word' id='word_1_185' title='bbox 495 3738 640 3810; x_wconf 79' lang='lat' dir='ltr'><strong>factioni</strong></span> <span class='ocrx_word' id='word_1_186' title='bbox 663 3764 743 3810; x_wconf 91' lang='lat' dir='ltr'><strong>cum</strong></span> <span class='ocrx_word' id='word_1_187' title='bbox 763 3738 904 3811; x_wconf 87' lang='lat' dir='ltr'><strong>nostris.</strong></span> <span class='ocrx_word' id='word_1_188' title='bbox 956 3737 1047 3808; x_wconf 88' lang='lat' dir='ltr'><strong>Nam</strong></span> 
     </span>
     <span class='ocr_line' id='line_1_32' title="bbox 59 3839 1049 3935; baseline -0.01 -18"><span class='ocrx_word' id='word_1_189' title='bbox 59 3861 93 3917; x_wconf 87' lang='lat' dir='ltr'><strong>et</strong></span> <span class='ocrx_word' id='word_1_190' title='bbox 114 3845 151 3915; x_wconf 88' lang='lat' dir='ltr'><strong>in</strong></span> <span class='ocrx_word' id='word_1_191' title='bbox 171 3843 319 3916; x_wconf 90' lang='lat' dir='ltr'><strong>Polonia</strong></span> <span class='ocrx_word' id='word_1_192' title='bbox 340 3839 525 3935; x_wconf 90' lang='lat' dir='ltr'><strong>prohibuit</strong></span> <span class='ocrx_word' id='word_1_193' title='bbox 547 3842 763 3912; x_wconf 89' lang='lat' dir='ltr'><strong>nationalem</strong></span> <span class='ocrx_word' id='word_1_194' title='bbox 781 3840 970 3935; x_wconf 86' lang='lat' dir='ltr'><strong>Synodum</strong></span> <span class='ocrx_word' id='word_1_195' title='bbox 991 3840 1049 3907; x_wconf 92' lang='lat' dir='ltr'><strong>in-</strong></span> 
     </span>
     <span class='ocr_line' id='line_1_33' title="bbox 57 3942 1049 4041; baseline -0.008 -24"><span class='ocrx_word' id='word_1_196' title='bbox 57 3947 129 4017; x_wconf 89' lang='lat' dir='ltr'><strong>dici</strong></span> <span class='ocrx_word' id='word_1_197' title='bbox 144 3942 185 4041; x_wconf 83' lang='lat'><strong>²).</strong></span> <span class='ocrx_word' id='word_1_198' title='bbox 237 3943 381 4018; x_wconf 87' lang='lat' dir='ltr'><strong>Utinam</strong></span> <span class='ocrx_word' id='word_1_199' title='bbox 401 3968 465 4015; x_wconf 91' lang='lat' dir='ltr'><strong>nos</strong></span> <span class='ocrx_word' id='word_1_200' title='bbox 488 3943 775 4016; x_wconf 88' lang='lat' dir='ltr'><strong>coniunctionem</strong></span> <span class='ocrx_word' id='word_1_201' title='bbox 796 3953 956 4012; x_wconf 88' lang='lat' dir='ltr'><strong>nostram</strong></span> <span class='ocrx_word' id='word_1_202' title='bbox 972 3966 1049 4010; x_wconf 89' lang='lat' dir='ltr'><strong>ma·</strong></span> 
     </span>
     <span class='ocr_line' id='line_1_34' title="bbox 58 4042 1049 4135; baseline -0.001 -17"><span class='ocrx_word' id='word_1_203' title='bbox 58 4047 128 4119; x_wconf 88' lang='lat' dir='ltr'><strong>ioci</strong></span> <span class='ocrx_word' id='word_1_204' title='bbox 145 4048 263 4118; x_wconf 87' lang='lat' dir='ltr'><strong>studio</strong></span> <span class='ocrx_word' id='word_1_205' title='bbox 282 4061 471 4119; x_wconf 88' lang='lat' dir='ltr'><strong>tueremur.</strong></span> <span class='ocrx_word' id='word_1_206' title='bbox 524 4042 665 4135; x_wconf 88' lang='lat' dir='ltr'><strong>Quaeso</strong></span> <span class='ocrx_word' id='word_1_207' title='bbox 682 4057 721 4115; x_wconf 90' lang='lat' dir='ltr'><strong>ut</strong></span> <span class='ocrx_word' id='word_1_208' title='bbox 739 4043 845 4115; x_wconf 90' lang='lat' dir='ltr'><strong>nobis</strong></span> <span class='ocrx_word' id='word_1_209' title='bbox 864 4043 1049 4117; x_wconf 82' lang='lat' dir='ltr'><strong>rescribas.</strong></span> 
     </span>
    </p>
   </div>
   <div class='ocr_carea' id='block_1_9' title="bbox 59 4143 570 4222">
    <p class='ocr_par' dir='ltr' id='par_1_9' title="bbox 59 4143 570 4222">
     <span class='ocr_line' id='line_1_35' title="bbox 59 4143 570 4222; baseline -0.006 -3"><span class='ocrx_word' id='word_1_210' title='bbox 59 4145 157 4221; x_wconf 91' lang='lat' dir='ltr'><strong>Bene</strong></span> <span class='ocrx_word' id='word_1_211' title='bbox 176 4149 265 4222; x_wconf 86' lang='lat' dir='ltr'><strong>vale.</strong></span> <span class='ocrx_word' id='word_1_212' title='bbox 315 4145 383 4218; x_wconf 89' lang='lat' dir='ltr'><strong>Die</strong></span> <span class='ocrx_word' id='word_1_213' title='bbox 401 4147 459 4222; x_wconf 88' lang='grc'><strong>17.</strong></span> <span class='ocrx_word' id='word_1_214' title='bbox 475 4143 570 4221; x_wconf 87' lang='lat' dir='ltr'><strong>Iulii.</strong></span> 
     </span>
    </p>
   </div>
   <div class='ocr_carea' id='block_1_10' title="bbox 916 2209 1048 2280">
    <p class='ocr_par' dir='ltr' id='par_1_10' title="bbox 916 2209 1048 2280">
     <span class='ocr_line' id='line_1_36' title="bbox 916 2209 1048 2280; baseline -0.015 0"><span class='ocrx_word' id='word_1_215' title='bbox 916 2219 974 2280; x_wconf 87' lang='grc'><strong>17.</strong></span> <span class='ocrx_word' id='word_1_216' title='bbox 988 2209 1048 2278; x_wconf 89' lang='lat' dir='ltr'><strong>lul.</strong></span> 
     </span>
    </p>
   </div>
   <div class='ocr_carea' id='block_1_11' title="bbox 911 2306 1047 2337">
    <p class='ocr_par' dir='ltr' id='par_1_11' title="bbox 911 2306 1047 2337">
     <span class='ocr_line' id='line_1_37' title="bbox 911 2306 1047 2337; baseline 0.007 -1"><span class='ocrx_word' id='word_1_217' title='bbox 911 2306 1047 2337; x_wconf 60' lang='grc' dir='ltr'><strong>ΝΜ·</strong></span> 
     </span>
    </p>
   </div>
   <div class='ocr_carea' id='block_1_12' title="bbox 621 248 1521 347">
    <p class='ocr_par' dir='ltr' id='par_1_12' title="bbox 621 248 1521 347">
     <span class='ocr_line' id='line_1_38' title="bbox 621 248 1521 347; baseline -0.016 0"><span class='ocrx_word' id='word_1_218' title='bbox 621 258 1059 347; x_wconf 77' lang='lat' dir='ltr'><strong>ttrtsrouaattte</strong></span> <span class='ocrx_word' id='word_1_219' title='bbox 1111 251 1335 337; x_wconf 72' lang='lat' dir='ltr'><strong>utnxu</strong></span> <span class='ocrx_word' id='word_1_220' title='bbox 1384 248 1521 333; x_wconf 84' lang='grc'><strong>1666.</strong></span> 
     </span>
    </p>
   </div>
   <div class='ocr_carea' id='block_1_13' title="bbox 2010 256 2083 332">
    <p class='ocr_par' dir='ltr' id='par_1_13' title="bbox 2010 256 2083 332">
     <span class='ocr_line' id='line_1_39' title="bbox 2010 256 2083 332; baseline 0.014 -2"><span class='ocrx_word' id='word_1_221' title='bbox 2010 256 2083 332; x_wconf 75' lang='grc'><strong>602</strong></span> 
     </span>
    </p>
   </div>
   <div class='ocr_carea' id='block_1_14' title="bbox 1096 418 2095 626">
    <p class='ocr_par' dir='ltr' id='par_1_14' title="bbox 1096 418 2095 626">
     <span class='ocr_line' id='line_1_40' title="bbox 1096 418 2083 525; baseline -0.005 -20"><span class='ocrx_word' id='word_1_222' title='bbox 1096 422 1342 525; x_wconf 73' lang='lat' dir='ltr'><strong>integerrimo</strong></span> <span class='ocrx_word' id='word_1_223' title='bbox 1357 420 1453 514; x_wconf 76' lang='lat' dir='ltr'><strong>viro,</strong></span> <span class='ocrx_word' id='word_1_224' title='bbox 1475 420 1591 502; x_wconf 84' lang='lat' dir='ltr'><strong>Dum.</strong></span> <span class='ocrx_word' id='word_1_225' title='bbox 1611 422 1816 524; x_wconf 73' lang='lat' dir='ltr'><strong>liuperto</strong></span> <span class='ocrx_word' id='word_1_226' title='bbox 1838 418 2083 523; x_wconf 71' lang='lat' dir='ltr'><strong>Langueto</strong></span> 
     </span>
     <span class='ocr_line' id='line_1_41' title="bbox 1173 521 2095 626; baseline -0.013 -23"><span class='ocrx_word' id='word_1_227' title='bbox 1173 521 1451 626; x_wconf 73' lang='lat' dir='ltr'><strong>Burgundo,</strong></span> <span class='ocrx_word' id='word_1_228' title='bbox 1477 521 1574 604; x_wconf 83' lang='lat' dir='ltr'><strong>dom.</strong></span> <span class='ocrx_word' id='word_1_229' title='bbox 1589 536 1621 599; x_wconf 82' lang='lat' dir='ltr'><strong>et</strong></span> <span class='ocrx_word' id='word_1_230' title='bbox 1638 527 1758 601; x_wconf 83' lang='lat' dir='ltr'><strong>amico</strong></span> <span class='ocrx_word' id='word_1_231' title='bbox 1774 553 1842 601; x_wconf 86' lang='lat' dir='ltr'><strong>suo</strong></span> <span class='ocrx_word' id='word_1_232' title='bbox 1858 524 2019 609; x_wconf 86' lang='lat' dir='ltr'><strong>colendo,</strong></span> <span class='ocrx_word' id='word_1_233' title='bbox 2090 584 2095 591; x_wconf 92' lang='lat'><strong>.</strong></span> 
     </span>
    </p>
   </div>
   <div class='ocr_carea' id='block_1_15' title="bbox 1097 664 2094 4216">
    <p class='ocr_par' dir='ltr' id='par_1_15' title="bbox 1097 664 2094 3001">
     <span class='ocr_line' id='line_1_42' title="bbox 1098 664 2087 777; baseline -0.002 -24"><span class='ocrx_word' id='word_1_234' title='bbox 1098 664 1148 754; x_wconf 83' lang='lat' dir='ltr'><strong>S.</strong></span> <span class='ocrx_word' id='word_1_235' title='bbox 1173 675 1217 752; x_wconf 88' lang='lat' dir='ltr'><strong>D.</strong></span> <span class='ocrx_word' id='word_1_236' title='bbox 1266 671 1670 777; x_wconf 85' lang='lat' dir='ltr'><strong>CharissimeHuperte.</strong></span> <span class='ocrx_word' id='word_1_237' title='bbox 1711 676 1803 751; x_wconf 72' lang='lat' dir='ltr'><strong>Cum</strong></span> <span class='ocrx_word' id='word_1_238' title='bbox 1819 703 1948 771; x_wconf 81' lang='lat' dir='ltr'><strong>magno</strong></span> <span class='ocrx_word' id='word_1_239' title='bbox 1964 681 2087 755; x_wconf 91' lang='lat' dir='ltr'><strong>dolore</strong></span> 
     </span>
     <span class='ocr_line' id='line_1_43' title="bbox 1098 778 2087 876; baseline 0 -24"><span class='ocrx_word' id='word_1_240' title='bbox 1098 781 1167 872; x_wconf 79' lang='lat' dir='ltr'><strong>legi</strong></span> <span class='ocrx_word' id='word_1_241' title='bbox 1186 780 1284 850; x_wconf 89' lang='lat' dir='ltr'><strong>istud</strong></span> <span class='ocrx_word' id='word_1_242' title='bbox 1307 802 1531 876; x_wconf 88' lang='lat' dir='ltr'><strong>responsum.</strong></span> <span class='ocrx_word' id='word_1_243' title='bbox 1582 778 1698 852; x_wconf 87' lang='lat' dir='ltr'><strong>Video</strong></span> <span class='ocrx_word' id='word_1_244' title='bbox 1721 784 1818 852; x_wconf 92' lang='lat' dir='ltr'><strong>enim</strong></span> <span class='ocrx_word' id='word_1_245' title='bbox 1842 783 1946 873; x_wconf 80' lang='lat' dir='ltr'><strong>longe</strong></span> <span class='ocrx_word' id='word_1_246' title='bbox 1967 783 2087 853; x_wconf 90' lang='lat' dir='ltr'><strong>minus</strong></span> 
     </span>
     <span class='ocr_line' id='line_1_44' title="bbox 1097 881 2094 977; baseline -0.001 -23"><span class='ocrx_word' id='word_1_247' title='bbox 1097 881 1172 975; x_wconf 93' lang='lat' dir='ltr'><strong>spei</strong></span> <span class='ocrx_word' id='word_1_248' title='bbox 1188 881 1267 973; x_wconf 90' lang='lat' dir='ltr'><strong>piae</strong></span> <span class='ocrx_word' id='word_1_249' title='bbox 1280 882 1376 973; x_wconf 91' lang='lat' dir='ltr'><strong>pacis</strong></span> <span class='ocrx_word' id='word_1_250' title='bbox 1388 904 1568 975; x_wconf 88' lang='lat' dir='ltr'><strong>superesse</strong></span> <span class='ocrx_word' id='word_1_251' title='bbox 1583 906 1689 977; x_wconf 89' lang='lat' dir='ltr'><strong>quam</strong></span> <span class='ocrx_word' id='word_1_252' title='bbox 1705 885 1762 953; x_wconf 84' lang='lat' dir='ltr'><strong>vel</strong></span> <span class='ocrx_word' id='word_1_253' title='bbox 1782 884 1857 977; x_wconf 85' lang='lat' dir='ltr'><strong>ipse</strong></span> <span class='ocrx_word' id='word_1_254' title='bbox 1870 894 2094 977; x_wconf 83' lang='lat' dir='ltr'><strong>putaveram,¹</strong></span> 
     </span>
     <span class='ocr_line' id='line_1_45' title="bbox 1098 983 2087 1077; baseline 0 -23"><span class='ocrx_word' id='word_1_255' title='bbox 1098 984 1154 1054; x_wconf 86' lang='lat' dir='ltr'><strong>vel</strong></span> <span class='ocrx_word' id='word_1_256' title='bbox 1170 1007 1190 1052; x_wconf 91' lang='lat' dir='ltr'><strong>a</strong></span> <span class='ocrx_word' id='word_1_257' title='bbox 1207 984 1456 1054; x_wconf 90' lang='lat' dir='ltr'><strong>communibus</strong></span> <span class='ocrx_word' id='word_1_258' title='bbox 1469 983 1602 1064; x_wconf 87' lang='lat' dir='ltr'><strong>amicis,</strong></span> <span class='ocrx_word' id='word_1_259' title='bbox 1620 1008 1681 1054; x_wconf 91' lang='lat' dir='ltr'><strong>seu</strong></span> <span class='ocrx_word' id='word_1_260' title='bbox 1694 985 1986 1077; x_wconf 88' lang='lat' dir='ltr'><strong>pacificatoribus,</strong></span> <span class='ocrx_word' id='word_1_261' title='bbox 2006 1009 2087 1077; x_wconf 88' lang='lat' dir='ltr'><strong>per-</strong></span> 
     </span>
     <span class='ocr_line' id='line_1_46' title="bbox 1098 1082 2085 1178; baseline -0.001 -24"><span class='ocrx_word' id='word_1_262' title='bbox 1098 1105 1221 1156; x_wconf 87' lang='lat' dir='ltr'><strong>suasus</strong></span> <span class='ocrx_word' id='word_1_263' title='bbox 1233 1083 1381 1154; x_wconf 88' lang='lat' dir='ltr'><strong>fueram.</strong></span> <span class='ocrx_word' id='word_1_264' title='bbox 1433 1082 1560 1156; x_wconf 87' lang='lat' dir='ltr'><strong>Insunt</strong></span> <span class='ocrx_word' id='word_1_265' title='bbox 1578 1109 1652 1156; x_wconf 89' lang='lat' dir='ltr'><strong>non</strong></span> <span class='ocrx_word' id='word_1_266' title='bbox 1667 1109 1776 1178; x_wconf 89' lang='lat' dir='ltr'><strong>pauca</strong></span> <span class='ocrx_word' id='word_1_267' title='bbox 1790 1087 1880 1158; x_wconf 88' lang='lat' dir='ltr'><strong>dura</strong></span> <span class='ocrx_word' id='word_1_268' title='bbox 1894 1089 2085 1158; x_wconf 89' lang='lat' dir='ltr'><strong>admodum</strong></span> 
     </span>
     <span class='ocr_line' id='line_1_47' title="bbox 1098 1186 2086 1281; baseline 0.002 -25"><span class='ocrx_word' id='word_1_269' title='bbox 1098 1186 1144 1256; x_wconf 90' lang='lat' dir='ltr'><strong>ad</strong></span> <span class='ocrx_word' id='word_1_270' title='bbox 1168 1209 1320 1280; x_wconf 84' lang='lat' dir='ltr'><strong>quorum</strong></span> <span class='ocrx_word' id='word_1_271' title='bbox 1340 1186 1458 1280; x_wconf 88' lang='lat' dir='ltr'><strong>aliqua</strong></span> <span class='ocrx_word' id='word_1_272' title='bbox 1480 1189 1702 1278; x_wconf 89' lang='lat' dir='ltr'><strong>respondebo</strong></span> <span class='ocrx_word' id='word_1_273' title='bbox 1724 1188 1932 1281; x_wconf 88' lang='lat' dir='ltr'><strong>simpliciter</strong></span> <span class='ocrx_word' id='word_1_274' title='bbox 1951 1202 1985 1257; x_wconf 93' lang='lat' dir='ltr'><strong>et</strong></span> <span class='ocrx_word' id='word_1_275' title='bbox 2004 1190 2086 1258; x_wconf 87' lang='lat' dir='ltr'><strong>brc-</strong></span> 
     </span>
     <span class='ocr_line' id='line_1_48' title="bbox 1098 1283 2092 1382; baseline 0 -24"><span class='ocrx_word' id='word_1_276' title='bbox 1098 1286 1189 1358; x_wconf 85' lang='lat' dir='ltr'><strong>viter</strong></span> <span class='ocrx_word' id='word_1_277' title='bbox 1198 1283 1238 1381; x_wconf 91' lang='lat'><strong>¹).</strong></span> <span class='ocrx_word' id='word_1_278' title='bbox 1289 1285 1421 1357; x_wconf 89' lang='lat' dir='ltr'><strong>Metuit</strong></span> <span class='ocrx_word' id='word_1_279' title='bbox 1436 1287 1498 1356; x_wconf 92' lang='lat' dir='ltr'><strong>ille</strong></span> <span class='ocrx_word' id='word_1_280' title='bbox 1516 1289 1682 1373; x_wconf 89' lang='lat' dir='ltr'><strong>insidias,</strong></span> <span class='ocrx_word' id='word_1_281' title='bbox 1707 1290 1858 1382; x_wconf 89' lang='lat' dir='ltr'><strong>requirit</strong></span> <span class='ocrx_word' id='word_1_282' title='bbox 1873 1291 1912 1360; x_wconf 92' lang='lat' dir='ltr'><strong>in</strong></span> <span class='ocrx_word' id='word_1_283' title='bbox 1927 1312 1985 1358; x_wconf 90' lang='lat' dir='ltr'><strong>me</strong></span> <span class='ocrx_word' id='word_1_284' title='bbox 2001 1306 2092 1359; x_wconf 88' lang='lat' dir='ltr'><strong>can-&#39;</strong></span> 
     </span>
     <span class='ocr_line' id='line_1_49' title="bbox 1099 1391 2087 1479; baseline 0.001 -21"><span class='ocrx_word' id='word_1_285' title='bbox 1099 1391 1242 1474; x_wconf 89' lang='lat' dir='ltr'><strong>dorem,</strong></span> <span class='ocrx_word' id='word_1_286' title='bbox 1266 1412 1331 1458; x_wconf 91' lang='lat' dir='ltr'><strong>nec</strong></span> <span class='ocrx_word' id='word_1_287' title='bbox 1345 1400 1464 1479; x_wconf 86' lang='lat' dir='ltr'><strong>putat,</strong></span> <span class='ocrx_word' id='word_1_288' title='bbox 1489 1393 1572 1458; x_wconf 86' lang='lat' dir='ltr'><strong>satis</strong></span> <span class='ocrx_word' id='word_1_289' title='bbox 1586 1401 1703 1458; x_wconf 89' lang='lat' dir='ltr'><strong>tutum</strong></span> <span class='ocrx_word' id='word_1_290' title='bbox 1726 1413 1800 1458; x_wconf 89' lang='lat' dir='ltr'><strong>esse</strong></span> <span class='ocrx_word' id='word_1_291' title='bbox 1815 1414 1952 1460; x_wconf 90' lang='lat' dir='ltr'><strong>mecum</strong></span> <span class='ocrx_word' id='word_1_292' title='bbox 1975 1391 2087 1460; x_wconf 92' lang='lat' dir='ltr'><strong>collo-</strong></span> 
     </span>
     <span class='ocr_line' id='line_1_50' title="bbox 1098 1483 2088 1584; baseline 0.001 -25"><span class='ocrx_word' id='word_1_293' title='bbox 1098 1489 1174 1584; x_wconf 88' lang='lat' dir='ltr'><strong>qui.</strong></span> <span class='ocrx_word' id='word_1_294' title='bbox 1225 1483 1338 1582; x_wconf 88' lang='lat' dir='ltr'><strong>Atqui</strong></span> <span class='ocrx_word' id='word_1_295' title='bbox 1352 1484 1383 1582; x_wconf 86' lang='lat'><strong>²)</strong></span> <span class='ocrx_word' id='word_1_296' title='bbox 1404 1501 1552 1559; x_wconf 88' lang='lat' dir='ltr'><strong>tutemet</strong></span> <span class='ocrx_word' id='word_1_297' title='bbox 1573 1490 1659 1574; x_wconf 92' lang='lat' dir='ltr'><strong>scis,</strong></span> <span class='ocrx_word' id='word_1_298' title='bbox 1682 1487 1728 1563; x_wconf 91' lang='lat' dir='ltr'><strong>D.</strong></span> <span class='ocrx_word' id='word_1_299' title='bbox 1749 1484 2016 1561; x_wconf 83' lang='lat' dir='ltr'><strong>Tilemunnum</strong></span> <span class='ocrx_word' id='word_1_300' title='bbox 2039 1492 2088 1560; x_wconf 85' lang='lat' dir='ltr'><strong>ita</strong></span> 
     </span>
     <span class='ocr_line' id='line_1_51' title="bbox 1099 1588 2087 1684; baseline 0.003 -25"><span class='ocrx_word' id='word_1_301' title='bbox 1099 1588 1204 1660; x_wconf 91' lang='lat' dir='ltr'><strong>nobis</strong></span> <span class='ocrx_word' id='word_1_302' title='bbox 1237 1589 1470 1681; x_wconf 86' lang='lat' dir='ltr'><strong>persuasisse,</strong></span> <span class='ocrx_word' id='word_1_303' title='bbox 1504 1589 1600 1683; x_wconf 93' lang='lat' dir='ltr'><strong>quod</strong></span> <span class='ocrx_word' id='word_1_304' title='bbox 1633 1589 1695 1659; x_wconf 91' lang='lat' dir='ltr'><strong>ille</strong></span> <span class='ocrx_word' id='word_1_305' title='bbox 1729 1603 1845 1684; x_wconf 87' lang='lat' dir='ltr'><strong>petat,</strong></span> <span class='ocrx_word' id='word_1_306' title='bbox 1882 1604 1924 1662; x_wconf 87' lang='lat' dir='ltr'><strong>ut</strong></span> <span class='ocrx_word' id='word_1_307' title='bbox 1952 1614 2015 1683; x_wconf 81' lang='lat' dir='ltr'><strong>ego</strong></span> <span class='ocrx_word' id='word_1_308' title='bbox 2042 1592 2087 1662; x_wconf 89' lang='lat' dir='ltr'><strong>ad</strong></span> 
     </span>
     <span class='ocr_line' id='line_1_52' title="bbox 1100 1689 2087 1785; baseline 0.004 -26"><span class='ocrx_word' id='word_1_309' title='bbox 1100 1692 1216 1783; x_wconf 90' lang='lat' dir='ltr'><strong>ipsum</strong></span> <span class='ocrx_word' id='word_1_310' title='bbox 1252 1690 1423 1785; x_wconf 88' lang='lat' dir='ltr'><strong>colloquii</strong></span> <span class='ocrx_word' id='word_1_311' title='bbox 1455 1713 1558 1761; x_wconf 91' lang='lat' dir='ltr'><strong>causa</strong></span> <span class='ocrx_word' id='word_1_312' title='bbox 1592 1689 1733 1761; x_wconf 81' lang='lat' dir='ltr'><strong>veniam</strong></span> <span class='ocrx_word' id='word_1_313' title='bbox 1760 1692 1857 1763; x_wconf 80' lang='lat' dir='ltr'><strong>eolus</strong></span> <span class='ocrx_word' id='word_1_314' title='bbox 1889 1694 1932 1762; x_wconf 89' lang='lat' dir='ltr'><strong>ad</strong></span> <span class='ocrx_word' id='word_1_315' title='bbox 1959 1694 2087 1779; x_wconf 84' lang='lat' dir='ltr'><strong>solum,</strong></span> 
     </span>
     <span class='ocr_line' id='line_1_53' title="bbox 1099 1791 2086 1886; baseline 0.002 -24"><span class='ocrx_word' id='word_1_316' title='bbox 1099 1803 1192 1863; x_wconf 89' lang='lat' dir='ltr'><strong>certe</strong></span> <span class='ocrx_word' id='word_1_317' title='bbox 1213 1793 1357 1862; x_wconf 89' lang='lat' dir='ltr'><strong>testium</strong></span> <span class='ocrx_word' id='word_1_318' title='bbox 1382 1791 1519 1861; x_wconf 88' lang='lat' dir='ltr'><strong>nullam</strong></span> <span class='ocrx_word' id='word_1_319' title='bbox 1540 1791 1757 1863; x_wconf 90' lang='lat' dir='ltr'><strong>mentionem</strong></span> <span class='ocrx_word' id='word_1_320' title='bbox 1778 1792 1879 1878; x_wconf 82' lang='lat' dir='ltr'><strong>iecit,</strong></span> <span class='ocrx_word' id='word_1_321' title='bbox 1913 1816 2003 1886; x_wconf 89' lang='lat' dir='ltr'><strong>quos</strong></span> <span class='ocrx_word' id='word_1_322' title='bbox 2022 1815 2086 1883; x_wconf 82' lang='lat' dir='ltr'><strong>ego</strong></span> 
     </span>
     <span class='ocr_line' id='line_1_54' title="bbox 1099 1890 2086 1987; baseline 0 -24"><span class='ocrx_word' id='word_1_323' title='bbox 1099 1892 1262 1986; x_wconf 60' lang='lat' dir='ltr'><strong>expetivi.</strong></span> <span class='ocrx_word' id='word_1_324' title='bbox 1313 1890 1434 1979; x_wconf 84' lang='lat' dir='ltr'><strong>Quare</strong></span> <span class='ocrx_word' id='word_1_325' title='bbox 1449 1891 1585 1984; x_wconf 88' lang='lat' dir='ltr'><strong>duplici</strong></span> <span class='ocrx_word' id='word_1_326' title='bbox 1605 1892 1751 1962; x_wconf 90' lang='lat' dir='ltr'><strong>nomine</strong></span> <span class='ocrx_word' id='word_1_327' title='bbox 1772 1893 1811 1961; x_wconf 91' lang='lat' dir='ltr'><strong>in</strong></span> <span class='ocrx_word' id='word_1_328' title='bbox 1825 1893 2004 1987; x_wconf 93' lang='lat' dir='ltr'><strong>colloquio</strong></span> <span class='ocrx_word' id='word_1_329' title='bbox 2017 1890 2086 1964; x_wconf 92' lang='lat' dir='ltr'><strong>hoc</strong></span> 
     </span>
     <span class='ocr_line' id='line_1_55' title="bbox 1098 1991 2088 2087; baseline 0.001 -24"><span class='ocrx_word' id='word_1_330' title='bbox 1098 2003 1280 2084; x_wconf 89' lang='lat' dir='ltr'><strong>suspectus</strong></span> <span class='ocrx_word' id='word_1_331' title='bbox 1303 2013 1471 2061; x_wconf 87' lang='lat' dir='ltr'><strong>essenon</strong></span> <span class='ocrx_word' id='word_1_332' title='bbox 1493 1991 1683 2078; x_wconf 88' lang='lat' dir='ltr'><strong>debebam,</strong></span> <span class='ocrx_word' id='word_1_333' title='bbox 1716 2006 1793 2066; x_wconf 91' lang='lat' dir='ltr'><strong>tum</strong></span> <span class='ocrx_word' id='word_1_334' title='bbox 1817 1993 1900 2087; x_wconf 91' lang='lat' dir='ltr'><strong>quia</strong></span> <span class='ocrx_word' id='word_1_335' title='bbox 1924 1994 2025 2087; x_wconf 89' lang='lat' dir='ltr'><strong>prior</strong></span> <span class='ocrx_word' id='word_1_336' title='bbox 2049 1995 2088 2064; x_wconf 89' lang='lat' dir='ltr'><strong>id</strong></span> 
     </span>
     <span class='ocr_line' id='line_1_56' title="bbox 1099 2091 2087 2190; baseline -0.002 -25"><span class='ocrx_word' id='word_1_337' title='bbox 1099 2092 1257 2187; x_wconf 86' lang='lat' dir='ltr'><strong>petierit,</strong></span> <span class='ocrx_word' id='word_1_338' title='bbox 1289 2104 1366 2163; x_wconf 91' lang='lat' dir='ltr'><strong>tum</strong></span> <span class='ocrx_word' id='word_1_339' title='bbox 1389 2091 1473 2188; x_wconf 87' lang='lat' dir='ltr'><strong>quia</strong></span> <span class='ocrx_word' id='word_1_340' title='bbox 1496 2114 1559 2183; x_wconf 78' lang='lat' dir='ltr'><strong>ego</strong></span> <span class='ocrx_word' id='word_1_341' title='bbox 1574 2106 1677 2165; x_wconf 89' lang='lat' dir='ltr'><strong>testes</strong></span> <span class='ocrx_word' id='word_1_342' title='bbox 1696 2094 1865 2190; x_wconf 88' lang='lat' dir='ltr'><strong>utrinque</strong></span> <span class='ocrx_word' id='word_1_343' title='bbox 1879 2092 1907 2188; x_wconf 79' lang='lat'><strong>³)</strong></span> <span class='ocrx_word' id='word_1_344' title='bbox 1922 2091 2087 2166; x_wconf 88' lang='lat' dir='ltr'><strong>adhiberi</strong></span> 
     </span>
     <span class='ocr_line' id='line_1_57' title="bbox 1099 2192 2088 2292; baseline 0.001 -26"><span class='ocrx_word' id='word_1_345' title='bbox 1099 2193 1282 2287; x_wconf 85' lang='lat' dir='ltr'><strong>cupierim.</strong></span> <span class='ocrx_word' id='word_1_346' title='bbox 1333 2192 1404 2266; x_wconf 83' lang='lat' dir='ltr'><strong>Sed</strong></span> <span class='ocrx_word' id='word_1_347' title='bbox 1439 2209 1544 2286; x_wconf 82' lang='lat' dir='ltr'><strong>negat</strong></span> <span class='ocrx_word' id='word_1_348' title='bbox 1574 2194 1655 2288; x_wconf 91' lang='lat' dir='ltr'><strong>ille,</strong></span> <span class='ocrx_word' id='word_1_349' title='bbox 1693 2192 1910 2292; x_wconf 75' lang='lat' dir='ltr'><strong>quemquam&#39;</strong></span> <span class='ocrx_word' id='word_1_350' title='bbox 1941 2222 2088 2287; x_wconf 89' lang='lat' dir='ltr'><strong>suorum</strong></span> 
     </span>
     <span class='ocr_line' id='line_1_58' title="bbox 1099 2294 2088 2392; baseline 0.001 -25"><span class='ocrx_word' id='word_1_351' title='bbox 1099 2296 1295 2367; x_wconf 89' lang='lat' dir='ltr'><strong>amicorum</strong></span> <span class='ocrx_word' id='word_1_352' title='bbox 1324 2294 1446 2366; x_wconf 87' lang='lat' dir='ltr'><strong>venire</strong></span> <span class='ocrx_word' id='word_1_353' title='bbox 1477 2296 1648 2384; x_wconf 84' lang='lat' dir='ltr'><strong>voluisse,</strong></span> <span class='ocrx_word' id='word_1_354' title='bbox 1681 2299 1777 2392; x_wconf 91' lang='lat' dir='ltr'><strong>quod</strong></span> <span class='ocrx_word' id='word_1_355' title='bbox 1805 2294 1896 2369; x_wconf 90' lang='lat' dir='ltr'><strong>mihi</strong></span> <span class='ocrx_word' id='word_1_356' title='bbox 1924 2299 2088 2370; x_wconf 91' lang='lat' dir='ltr'><strong>miraculi</strong></span> 
     </span>
     <span class='ocr_line' id='line_1_59' title="bbox 1101 2396 2087 2493; baseline 0.005 -26"><span class='ocrx_word' id='word_1_357' title='bbox 1101 2398 1214 2470; x_wconf 88' lang='lat' dir='ltr'><strong>instar</strong></span> <span class='ocrx_word' id='word_1_358' title='bbox 1236 2411 1299 2472; x_wconf 88' lang='lat' dir='ltr'><strong>est.</strong></span> <span class='ocrx_word' id='word_1_359' title='bbox 1349 2396 1412 2469; x_wconf 87' lang='lat' dir='ltr'><strong>Sat</strong></span> <span class='ocrx_word' id='word_1_360' title='bbox 1434 2398 1528 2468; x_wconf 90' lang='lat' dir='ltr'><strong>enim</strong></span> <span class='ocrx_word' id='word_1_361' title='bbox 1546 2397 1641 2486; x_wconf 89' lang='lat' dir='ltr'><strong>scio,</strong></span> <span class='ocrx_word' id='word_1_362' title='bbox 1665 2413 1699 2472; x_wconf 87' lang='lat' dir='ltr'><strong>te</strong></span> <span class='ocrx_word' id='word_1_363' title='bbox 1721 2399 1845 2493; x_wconf 89' lang='lat' dir='ltr'><strong>tuique</strong></span> <span class='ocrx_word' id='word_1_364' title='bbox 1859 2401 1992 2472; x_wconf 90' lang='lat' dir='ltr'><strong>similes</strong></span> <span class='ocrx_word' id='word_1_365' title='bbox 2006 2402 2087 2492; x_wconf 91' lang='lat' dir='ltr'><strong>plu·</strong></span> 
     </span>
     <span class='ocr_line' id='line_1_60' title="bbox 1100 2497 2087 2596; baseline 0 -26"><span class='ocrx_word' id='word_1_366' title='bbox 1100 2523 1155 2570; x_wconf 90' lang='lat' dir='ltr'><strong>res</strong></span> <span class='ocrx_word' id='word_1_367' title='bbox 1169 2499 1323 2592; x_wconf 86' lang='lat' dir='ltr'><strong>potuisse</strong></span> <span class='ocrx_word' id='word_1_368' title='bbox 1344 2499 1538 2571; x_wconf 90' lang='lat' dir='ltr'><strong>testimonii</strong></span> <span class='ocrx_word' id='word_1_369' title='bbox 1556 2523 1658 2571; x_wconf 89' lang='lat' dir='ltr'><strong>causa</strong></span> <span class='ocrx_word' id='word_1_370' title='bbox 1673 2502 1819 2586; x_wconf 87' lang='lat' dir='ltr'><strong>adduci,</strong></span> <span class='ocrx_word' id='word_1_371' title='bbox 1843 2502 1904 2596; x_wconf 93' lang='lat' dir='ltr'><strong>qui</strong></span> <span class='ocrx_word' id='word_1_372' title='bbox 1921 2526 1977 2571; x_wconf 90' lang='lat' dir='ltr'><strong>me</strong></span> <span class='ocrx_word' id='word_1_373' title='bbox 1994 2497 2087 2570; x_wconf 90' lang='lat' dir='ltr'><strong>nihil</strong></span> 
     </span>
     <span class='ocr_line' id='line_1_61' title="bbox 1100 2600 2088 2697; baseline 0.001 -27"><span class='ocrx_word' id='word_1_374' title='bbox 1100 2601 1231 2693; x_wconf 81' lang='lat' dir='ltr'><strong>fingere</strong></span> <span class='ocrx_word' id='word_1_375' title='bbox 1252 2612 1313 2671; x_wconf 89' lang='lat' dir='ltr'><strong>aut</strong></span> <span class='ocrx_word' id='word_1_376' title='bbox 1336 2600 1482 2671; x_wconf 85' lang='lat' dir='ltr'><strong>mentiri</strong></span> <span class='ocrx_word' id='word_1_377' title='bbox 1502 2603 1547 2671; x_wconf 93' lang='lat' dir='ltr'><strong>de</strong></span> <span class='ocrx_word' id='word_1_378' title='bbox 1571 2601 1634 2672; x_wconf 92' lang='lat' dir='ltr'><strong>illo</strong></span> <span class='ocrx_word' id='word_1_379' title='bbox 1655 2600 1834 2697; x_wconf 93' lang='lat' dir='ltr'><strong>colloquio</strong></span> <span class='ocrx_word' id='word_1_380' title='bbox 1854 2617 1973 2695; x_wconf 87' lang='lat' dir='ltr'><strong>postea</strong></span> <span class='ocrx_word' id='word_1_381' title='bbox 1996 2603 2088 2695; x_wconf 87' lang='lat' dir='ltr'><strong>passi</strong></span> 
     </span>
     <span class='ocr_line' id='line_1_62' title="bbox 1099 2700 2087 2800; baseline 0.002 -28"><span class='ocrx_word' id='word_1_382' title='bbox 1099 2702 1265 2776; x_wconf 87' lang='lat' dir='ltr'><strong>fuissetis.</strong></span> <span class='ocrx_word' id='word_1_383' title='bbox 1300 2700 1418 2772; x_wconf 90' lang='lat' dir='ltr'><strong>Miror</strong></span> <span class='ocrx_word' id='word_1_384' title='bbox 1431 2716 1567 2788; x_wconf 88' lang='lat' dir='ltr'><strong>tamen,</strong></span> <span class='ocrx_word' id='word_1_385' title='bbox 1592 2725 1680 2800; x_wconf 90' lang='lat' dir='ltr'><strong>quos</strong></span> <span class='ocrx_word' id='word_1_386' title='bbox 1695 2704 1757 2774; x_wconf 91' lang='lat' dir='ltr'><strong>ille</strong></span> <span class='ocrx_word' id='word_1_387' title='bbox 1771 2702 1903 2774; x_wconf 87' lang='lat' dir='ltr'><strong>amicos</strong></span> <span class='ocrx_word' id='word_1_388' title='bbox 1918 2728 1982 2797; x_wconf 90' lang='lat' dir='ltr'><strong>per</strong></span> <span class='ocrx_word' id='word_1_389' title='bbox 1996 2704 2087 2775; x_wconf 91' lang='lat' dir='ltr'><strong>illud</strong></span> 
     </span>
     <span class='ocr_line' id='line_1_63' title="bbox 1099 2803 2088 2901; baseline 0.001 -26"><span class='ocrx_word' id='word_1_390' title='bbox 1099 2805 1207 2875; x_wconf 86' lang='lat' dir='ltr'><strong>breve</strong></span> <span class='ocrx_word' id='word_1_391' title='bbox 1230 2816 1368 2896; x_wconf 89' lang='lat' dir='ltr'><strong>tempus</strong></span> <span class='ocrx_word' id='word_1_392' title='bbox 1389 2804 1624 2891; x_wconf 86' lang='lat' dir='ltr'><strong>consuluerit,</strong></span> <span class='ocrx_word' id='word_1_393' title='bbox 1657 2803 1722 2901; x_wconf 94' lang='lat' dir='ltr'><strong>qui</strong></span> <span class='ocrx_word' id='word_1_394' title='bbox 1743 2804 2006 2878; x_wconf 71' lang='lat' dir='ltr'><strong>comisationem</strong></span> <span class='ocrx_word' id='word_1_395' title='bbox 2031 2829 2088 2876; x_wconf 89' lang='lat' dir='ltr'><strong>re-</strong></span> 
     </span>
     <span class='ocr_line' id='line_1_64' title="bbox 1101 2900 1849 3001; baseline 0.003 -25"><span class='ocrx_word' id='word_1_396' title='bbox 1101 2904 1313 2977; x_wconf 81' lang='lat' dir='ltr'><strong>cusaverint.</strong></span> <span class='ocrx_word' id='word_1_397' title='bbox 1363 2900 1482 2998; x_wconf 89' lang='lat' dir='ltr'><strong>Atque</strong></span> <span class='ocrx_word' id='word_1_398' title='bbox 1496 2900 1582 2991; x_wconf 89' lang='lat' dir='ltr'><strong>haec</strong></span> <span class='ocrx_word' id='word_1_399' title='bbox 1597 2906 1641 2976; x_wconf 89' lang='lat' dir='ltr'><strong>de</strong></span> <span class='ocrx_word' id='word_1_400' title='bbox 1657 2906 1849 3001; x_wconf 90' lang='lat' dir='ltr'><strong>colloquio.</strong></span> 
     </span>
    </p>

    <p class='ocr_par' dir='ltr' id='par_1_16' title="bbox 1099 3002 2089 4216">
     <span class='ocr_line' id='line_1_65' title="bbox 1201 3002 2086 3098; baseline 0.001 -22"><span class='ocrx_word' id='word_1_401' title='bbox 1201 3002 1246 3076; x_wconf 92' lang='lat' dir='ltr'><strong>ln</strong></span> <span class='ocrx_word' id='word_1_402' title='bbox 1274 3005 1352 3097; x_wconf 89' lang='lat' dir='ltr'><strong>ipso</strong></span> <span class='ocrx_word' id='word_1_403' title='bbox 1382 3028 1491 3098; x_wconf 86' lang='lat' dir='ltr'><strong>porro</strong></span> <span class='ocrx_word' id='word_1_404' title='bbox 1521 3006 1626 3078; x_wconf 91' lang='lat' dir='ltr'><strong>initio</strong></span> <span class='ocrx_word' id='word_1_405' title='bbox 1646 3006 1764 3076; x_wconf 90' lang='lat' dir='ltr'><strong>statim</strong></span> <span class='ocrx_word' id='word_1_406' title='bbox 1793 3006 1933 3094; x_wconf 83' lang='lat' dir='ltr'><strong>recitat,</strong></span> <span class='ocrx_word' id='word_1_407' title='bbox 1967 3007 2086 3078; x_wconf 91' lang='lat' dir='ltr'><strong>cuius-</strong></span> 
     </span>
     <span class='ocr_line' id='line_1_66' title="bbox 1099 3104 2086 3202; baseline 0.001 -25"><span class='ocrx_word' id='word_1_408' title='bbox 1099 3107 1181 3177; x_wconf 92' lang='lat' dir='ltr'><strong>dam</strong></span> <span class='ocrx_word' id='word_1_409' title='bbox 1194 3104 1234 3199; x_wconf 82' lang='lat'><strong>⁴)</strong></span> <span class='ocrx_word' id='word_1_410' title='bbox 1271 3129 1292 3176; x_wconf 93' lang='lat' dir='ltr'><strong>e</strong></span> <span class='ocrx_word' id='word_1_411' title='bbox 1324 3118 1449 3179; x_wconf 90' lang='lat' dir='ltr'><strong>nostro</strong></span> <span class='ocrx_word' id='word_1_412' title='bbox 1481 3128 1584 3201; x_wconf 76' lang='lat' dir='ltr'><strong>grege</strong></span> <span class='ocrx_word' id='word_1_413' title='bbox 1621 3107 1773 3194; x_wconf 90' lang='lat' dir='ltr'><strong>dictum,</strong></span> <span class='ocrx_word' id='word_1_414' title='bbox 1814 3109 2086 3202; x_wconf 88' lang='lat' dir='ltr'><strong>opprimendum</strong></span> 
     </span>
     <span class='ocr_line' id='line_1_67' title="bbox 1099 3203 2085 3302; baseline 0.007 -24"><span class='ocrx_word' id='word_1_415' title='bbox 1099 3231 1180 3278; x_wconf 90' lang='lat' dir='ltr'><strong>eum</strong></span> <span class='ocrx_word' id='word_1_416' title='bbox 1194 3203 1232 3302; x_wconf 84' lang='lat'><strong>⁸)</strong></span> <span class='ocrx_word' id='word_1_417' title='bbox 1247 3230 1339 3295; x_wconf 88' lang='lat' dir='ltr'><strong>esse,</strong></span> <span class='ocrx_word' id='word_1_418' title='bbox 1364 3232 1410 3279; x_wconf 90' lang='lat' dir='ltr'><strong>ne</strong></span> <span class='ocrx_word' id='word_1_419' title='bbox 1425 3208 1594 3301; x_wconf 88' lang='lat' dir='ltr'><strong>impediat</strong></span> <span class='ocrx_word' id='word_1_420' title='bbox 1609 3231 1675 3279; x_wconf 90' lang='lat' dir='ltr'><strong>nos</strong></span> <span class='ocrx_word' id='word_1_421' title='bbox 1690 3211 1729 3278; x_wconf 90' lang='lat' dir='ltr'><strong>in</strong></span> <span class='ocrx_word' id='word_1_422' title='bbox 1743 3212 1874 3282; x_wconf 87' lang='lat' dir='ltr'><strong>nostris</strong></span> <span class='ocrx_word' id='word_1_423' title='bbox 1889 3210 2085 3284; x_wconf 89' lang='lat' dir='ltr'><strong>conatibus.</strong></span> 
     </span>
     <span class='ocr_line' id='line_1_68' title="bbox 1100 3305 2088 3403; baseline 0.002 -25"><span class='ocrx_word' id='word_1_424' title='bbox 1100 3305 1212 3403; x_wconf 84' lang='lat' dir='ltr'><strong>Atqui</strong></span> <span class='ocrx_word' id='word_1_425' title='bbox 1234 3332 1298 3400; x_wconf 78' lang='lat' dir='ltr'><strong>ego</strong></span> <span class='ocrx_word' id='word_1_426' title='bbox 1321 3307 1437 3380; x_wconf 91' lang='lat' dir='ltr'><strong>Deum</strong></span> <span class='ocrx_word' id='word_1_427' title='bbox 1458 3321 1586 3395; x_wconf 89' lang='lat' dir='ltr'><strong>testor,</strong></span> <span class='ocrx_word' id='word_1_428' title='bbox 1625 3331 1682 3378; x_wconf 88' lang='lat' dir='ltr'><strong>mc</strong></span> <span class='ocrx_word' id='word_1_429' title='bbox 1704 3310 1794 3382; x_wconf 92' lang='lat' dir='ltr'><strong>illud</strong></span> <span class='ocrx_word' id='word_1_430' title='bbox 1824 3334 1898 3381; x_wconf 92' lang='lat' dir='ltr'><strong>non</strong></span> <span class='ocrx_word' id='word_1_431' title='bbox 1926 3311 2088 3396; x_wconf 88' lang='lat' dir='ltr'><strong>audiisse,</strong></span> 
     </span>
     <span class='ocr_line' id='line_1_69' title="bbox 1099 3409 2088 3505; baseline 0.002 -27"><span class='ocrx_word' id='word_1_432' title='bbox 1099 3432 1165 3480; x_wconf 89' lang='lat' dir='ltr'><strong>nec</strong></span> <span class='ocrx_word' id='word_1_433' title='bbox 1187 3409 1335 3495; x_wconf 83' lang='lat' dir='ltr'><strong>dixisse,</strong></span> <span class='ocrx_word' id='word_1_434' title='bbox 1365 3433 1432 3480; x_wconf 91' lang='lat' dir='ltr'><strong>nec</strong></span> <span class='ocrx_word' id='word_1_435' title='bbox 1453 3410 1640 3500; x_wconf 76' lang='lat' dir='ltr'><strong>cogitasse,</strong></span> <span class='ocrx_word' id='word_1_436' title='bbox 1670 3432 1712 3479; x_wconf 90' lang='lat' dir='ltr'><strong>ac</strong></span> <span class='ocrx_word' id='word_1_437' title='bbox 1733 3434 1778 3481; x_wconf 91' lang='lat' dir='ltr'><strong>ne</strong></span> <span class='ocrx_word' id='word_1_438' title='bbox 1801 3411 1994 3482; x_wconf 85' lang='lat' dir='ltr'><strong>somniasse</strong></span> <span class='ocrx_word' id='word_1_439' title='bbox 2007 3414 2088 3505; x_wconf 90' lang='lat' dir='ltr'><strong>qui-</strong></span> 
     </span>
     <span class='ocr_line' id='line_1_70' title="bbox 1100 3509 2087 3606; baseline 0.005 -28"><span class='ocrx_word' id='word_1_440' title='bbox 1100 3512 1181 3606; x_wconf 81' lang='lat' dir='ltr'><strong>dem</strong></span> <span class='ocrx_word' id='word_1_441' title='bbox 1201 3533 1360 3603; x_wconf 90' lang='lat' dir='ltr'><strong>unquam</strong></span> <span class='ocrx_word' id='word_1_442' title='bbox 1388 3521 1471 3580; x_wconf 88' lang='lat' dir='ltr'><strong>ante</strong></span> <span class='ocrx_word' id='word_1_443' title='bbox 1492 3510 1604 3580; x_wconf 84' lang='lat' dir='ltr'><strong>visam</strong></span> <span class='ocrx_word' id='word_1_444' title='bbox 1633 3509 1738 3579; x_wconf 88' lang='lat' dir='ltr'><strong>istam</strong></span> <span class='ocrx_word' id='word_1_445' title='bbox 1767 3511 1964 3604; x_wconf 88' lang='lat' dir='ltr'><strong>epistolam.</strong></span> <span class='ocrx_word' id='word_1_446' title='bbox 2015 3511 2087 3583; x_wconf 87' lang='lat' dir='ltr'><strong>Nec</strong></span> 
     </span>
     <span class='ocr_line' id='line_1_71' title="bbox 1100 3605 2089 3708; baseline 0.005 -29"><span class='ocrx_word' id='word_1_447' title='bbox 1100 3632 1183 3681; x_wconf 88' lang='lat' dir='ltr'><strong>sene</strong></span> <span class='ocrx_word' id='word_1_448' title='bbox 1196 3609 1395 3680; x_wconf 86' lang='lat' dir='ltr'><strong>veresimile</strong></span> <span class='ocrx_word' id='word_1_449' title='bbox 1408 3605 1496 3679; x_wconf 91' lang='lat' dir='ltr'><strong>mihi</strong></span> <span class='ocrx_word' id='word_1_450' title='bbox 1512 3623 1575 3696; x_wconf 87' lang='lat' dir='ltr'><strong>est,</strong></span> <span class='ocrx_word' id='word_1_451' title='bbox 1591 3634 1793 3706; x_wconf 89' lang='lat' dir='ltr'><strong>quenquam</strong></span> <span class='ocrx_word' id='word_1_452' title='bbox 1808 3637 1829 3684; x_wconf 92' lang='lat' dir='ltr'><strong>e</strong></span> <span class='ocrx_word' id='word_1_453' title='bbox 1842 3614 1973 3685; x_wconf 90' lang='lat' dir='ltr'><strong>nostris</strong></span> <span class='ocrx_word' id='word_1_454' title='bbox 1987 3613 2089 3708; x_wconf 91' lang='lat' dir='ltr'><strong>quic·</strong></span> 
     </span>
     <span class='ocr_line' id='line_1_72' title="bbox 1100 3709 2088 3805; baseline 0.006 -25"><span class='ocrx_word' id='word_1_455' title='bbox 1100 3734 1206 3805; x_wconf 90' lang='lat' dir='ltr'><strong>quam</strong></span> <span class='ocrx_word' id='word_1_456' title='bbox 1228 3710 1299 3781; x_wconf 87' lang='lat' dir='ltr'><strong>tale</strong></span> <span class='ocrx_word' id='word_1_457' title='bbox 1319 3710 1460 3782; x_wconf 83' lang='lat' dir='ltr'><strong>dixisse.</strong></span> <span class='ocrx_word' id='word_1_458' title='bbox 1509 3709 1599 3791; x_wconf 80' lang='lat' dir='ltr'><strong>Nem</strong></span> <span class='ocrx_word' id='word_1_459' title='bbox 1622 3726 1760 3805; x_wconf 89' lang='lat' dir='ltr'><strong>praeter</strong></span> <span class='ocrx_word' id='word_1_460' title='bbox 1781 3714 1849 3785; x_wconf 89' lang='lat' dir='ltr'><strong>alia</strong></span> <span class='ocrx_word' id='word_1_461' title='bbox 1867 3714 1973 3785; x_wconf 89' lang='lat' dir='ltr'><strong>etiam</strong></span> <span class='ocrx_word' id='word_1_462' title='bbox 1996 3715 2088 3786; x_wconf 92' lang='lat' dir='ltr'><strong>illud</strong></span> 
     </span>
     <span class='ocr_line' id='line_1_73' title="bbox 1100 3812 2088 3908; baseline 0.006 -27"><span class='ocrx_word' id='word_1_463' title='bbox 1100 3836 1158 3883; x_wconf 88' lang='lat' dir='ltr'><strong>me</strong></span> <span class='ocrx_word' id='word_1_464' title='bbox 1176 3824 1312 3897; x_wconf 91' lang='lat' dir='ltr'><strong>movet,</strong></span> <span class='ocrx_word' id='word_1_465' title='bbox 1337 3813 1433 3905; x_wconf 89' lang='lat' dir='ltr'><strong>quod</strong></span> <span class='ocrx_word' id='word_1_466' title='bbox 1453 3812 1570 3904; x_wconf 90' lang='lat' dir='ltr'><strong>ipsum</strong></span> <span class='ocrx_word' id='word_1_467' title='bbox 1583 3814 1784 3906; x_wconf 88' lang='lat' dir='ltr'><strong>opprimere</strong></span> <span class='ocrx_word' id='word_1_468' title='bbox 1799 3816 1904 3908; x_wconf 87' lang='lat' dir='ltr'><strong>plane</strong></span> <span class='ocrx_word' id='word_1_469' title='bbox 1920 3818 2024 3887; x_wconf 90' lang='lat' dir='ltr'><strong>nobis</strong></span> <span class='ocrx_word' id='word_1_470' title='bbox 2042 3817 2088 3887; x_wconf 90' lang='lat' dir='ltr'><strong>sit</strong></span> 
     </span>
     <span class='ocr_line' id='line_1_74' title="bbox 1101 3911 2088 4008; baseline 0.006 -25"><span class='ocrx_word' id='word_1_471' title='bbox 1101 3913 1328 4008; x_wconf 88' lang='lat' dir='ltr'><strong>impossibile.</strong></span> <span class='ocrx_word' id='word_1_472' title='bbox 1379 3911 1462 3984; x_wconf 86' lang='lat' dir='ltr'><strong>Non</strong></span> <span class='ocrx_word' id='word_1_473' title='bbox 1484 3916 1579 3984; x_wconf 89' lang='lat' dir='ltr'><strong>enim</strong></span> <span class='ocrx_word' id='word_1_474' title='bbox 1604 3937 1670 3987; x_wconf 90' lang='lat' dir='ltr'><strong>nos</strong></span> <span class='ocrx_word' id='word_1_475' title='bbox 1692 3917 1736 3986; x_wconf 91' lang='lat' dir='ltr'><strong>de</strong></span> <span class='ocrx_word' id='word_1_476' title='bbox 1757 3917 1831 3989; x_wconf 88' lang='lat' dir='ltr'><strong>vita</strong></span> <span class='ocrx_word' id='word_1_477' title='bbox 1852 3932 1915 3990; x_wconf 88' lang='lat' dir='ltr'><strong>aut</strong></span> <span class='ocrx_word' id='word_1_478' title='bbox 1935 3918 2088 3989; x_wconf 79' lang='lat' dir='ltr'><strong>fortunis</strong></span> 
     </span>
     <span class='ocr_line' id='line_1_75' title="bbox 1101 4013 2089 4108; baseline 0.002 -22"><span class='ocrx_word' id='word_1_479' title='bbox 1101 4016 1177 4087; x_wconf 88' lang='lat' dir='ltr'><strong>eius</strong></span> <span class='ocrx_word' id='word_1_480' title='bbox 1201 4013 1441 4097; x_wconf 87' lang='lat' dir='ltr'><strong>consulimus,</strong></span> <span class='ocrx_word' id='word_1_481' title='bbox 1464 4028 1527 4087; x_wconf 89' lang='lat' dir='ltr'><strong>aut</strong></span> <span class='ocrx_word' id='word_1_482' title='bbox 1547 4017 1811 4108; x_wconf 89' lang='lat' dir='ltr'><strong>pronunciandi</strong></span> <span class='ocrx_word' id='word_1_483' title='bbox 1830 4022 1888 4090; x_wconf 90' lang='lat' dir='ltr'><strong>ius</strong></span> <span class='ocrx_word' id='word_1_484' title='bbox 1908 4015 2089 4105; x_wconf 90' lang='lat' dir='ltr'><strong>habemus,</strong></span> 
     </span>
     <span class='ocr_line' id='line_1_76' title="bbox 1101 4110 2088 4216; baseline 0 -29"><span class='ocrx_word' id='word_1_485' title='bbox 1101 4116 1279 4209; x_wconf 89' lang='lat' dir='ltr'><strong>sicutipse</strong></span> <span class='ocrx_word' id='word_1_486' title='bbox 1294 4116 1475 4189; x_wconf 86' lang='lat' dir='ltr'><strong>damnavit</strong></span> <span class='ocrx_word' id='word_1_487' title='bbox 1489 4110 1533 4186; x_wconf 83' lang='lat' dir='ltr'><em>F</em></span> <span class='ocrx_word' id='word_1_488' title='bbox 1529 4113 1692 4188; x_wconf 76' lang='lat' dir='ltr'><strong>redarum</strong></span> <span class='ocrx_word' id='word_1_489' title='bbox 1703 4113 1747 4216; x_wconf 73' lang='grc'><strong>6),</strong></span> <span class='ocrx_word' id='word_1_490' title='bbox 1773 4117 1986 4213; x_wconf 83' lang='lat' dir='ltr'><strong>Magistrum</strong></span> <span class='ocrx_word' id='word_1_491' title='bbox 2000 4115 2088 4188; x_wconf 85' lang='lat' dir='ltr'><strong>Da-</strong></span> 
     </span>
    </p>
   </div>
   <div class='ocr_carea' id='block_1_16' title="bbox 646 4210 2089 4340">
    <p class='ocr_par' dir='ltr' id='par_1_17' title="bbox 646 4210 2089 4340">
     <span class='ocr_line' id='line_1_77' title="bbox 646 4210 2089 4340; baseline -0.013 -31"><span class='ocrx_word' id='word_1_492' title='bbox 646 4292 653 4309; x_wconf 87' lang='grc'><strong>.</strong></span> <span class='ocrx_word' id='word_1_493' title='bbox 729 4241 1000 4340; x_wconf 50' lang='lat' dir='ltr'><strong>Ph115990M01,</strong></span> <span class='ocrx_word' id='word_1_494' title='bbox 1102 4212 1217 4288; x_wconf 76' lang='lat' dir='ltr'><strong>videm</strong></span> <span class='ocrx_word' id='word_1_495' title='bbox 1239 4210 1526 4312; x_wconf 75' lang='lat' dir='ltr'><strong>Fre&#39;hurgeusem</strong></span> <span class='ocrx_word' id='word_1_496' title='bbox 1551 4231 1585 4290; x_wconf 91' lang='lat' dir='ltr'><strong>et</strong></span> <span class='ocrx_word' id='word_1_497' title='bbox 1607 4217 1704 4309; x_wconf 69' lang='lat' dir='ltr'><strong>Mag.</strong></span> <span class='ocrx_word' id='word_1_498' title='bbox 1722 4214 1943 4293; x_wconf 72' lang='lat' dir='ltr'><strong>Martinam</strong></span> <span class='ocrx_word' id='word_1_499' title='bbox 1972 4217 2089 4296; x_wconf 81' lang='lat' dir='ltr'><strong>Wol·</strong></span> 
     </span>
    </p>
   </div>
   <div class='ocr_carea' id='block_1_17' title="bbox 69 4579 268 4657">
    <p class='ocr_par' dir='ltr' id='par_1_18' title="bbox 69 4579 268 4657">
     <span class='ocr_line' id='line_1_78' title="bbox 69 4579 268 4657; baseline 0.015 -4"><span class='ocrx_word' id='word_1_500' title='bbox 69 4579 138 4654; x_wconf 81' lang='lat' dir='ltr'><strong>No.</strong></span> <span class='ocrx_word' id='word_1_501' title='bbox 154 4579 268 4657; x_wconf 72' lang='lat'><strong>60⁸4.</strong></span> 
     </span>
    </p>
   </div>
   <div class='ocr_carea' id='block_1_18' title="bbox 63 4677 277 4716">
    <p class='ocr_par' dir='ltr' id='par_1_19' title="bbox 63 4677 277 4716">
     <span class='ocr_line' id='line_1_79' title="bbox 63 4677 277 4716; baseline -0.009 -4"><span class='ocrx_word' id='word_1_502' title='bbox 63 4677 277 4716; x_wconf 55' lang='grc' dir='ltr'><strong>Μ</strong></span> 
     </span>
    </p>
   </div>
   <div class='ocr_carea' id='block_1_19' title="bbox 250 4734 930 4888">
    <p class='ocr_par' dir='ltr' id='par_1_20' title="bbox 250 4734 930 4888">
     <span class='ocr_line' id='line_1_80' title="bbox 250 4734 930 4888; baseline 0.001 -34"><span class='ocrx_word' id='word_1_503' title='bbox 250 4765 442 4854; x_wconf 74' lang='lat' dir='ltr'><strong>Fluctus</strong></span> <span class='ocrx_word' id='word_1_504' title='bbox 469 4764 534 4852; x_wconf 78' lang='lat' dir='ltr'><strong>ud</strong></span> <span class='ocrx_word' id='word_1_505' title='bbox 559 4765 860 4888; x_wconf 75' lang='lat' dir='ltr'><strong>Loenpuctscm.</strong></span> <span class='ocrx_word' id='word_1_506' title='bbox 926 4734 930 4739; x_wconf 63' lang='lat'><strong>,</strong></span> 
     </span>
    </p>
   </div>
   <div class='ocr_carea' id='block_1_20' title="bbox 126 4925 1051 5069">
    <p class='ocr_par' dir='ltr' id='par_1_21' title="bbox 126 4925 1051 5069">
     <span class='ocr_line' id='line_1_81' title="bbox 126 4925 1051 5003; baseline 0 -20"><span class='ocrx_word' id='word_1_507' title='bbox 126 4927 204 4984; x_wconf 81' lang='lat' dir='ltr'><strong>tteiu</strong></span> <span class='ocrx_word' id='word_1_508' title='bbox 223 4928 252 4983; x_wconf 86' lang='lat' dir='ltr'><strong>in</strong></span> <span class='ocrx_word' id='word_1_509' title='bbox 262 4926 469 4983; x_wconf 79' lang='lat' dir='ltr'><strong>Boelrmer&#39;eteri</strong></span> <span class='ocrx_word' id='word_1_510' title='bbox 481 4926 557 4981; x_wconf 88' lang='lat' dir='ltr'><strong>Aclie</strong></span> <span class='ocrx_word' id='word_1_511' title='bbox 574 4925 731 5002; x_wconf 81' lang='lat' dir='ltr'><strong>Philippicis</strong></span> <span class='ocrx_word' id='word_1_512' title='bbox 748 4947 775 5003; x_wconf 89' lang='lat' dir='ltr'><strong>p.</strong></span> <span class='ocrx_word' id='word_1_513' title='bbox 787 4927 831 4984; x_wconf 73' lang='lat'><strong>29.</strong></span> <span class='ocrx_word' id='word_1_514' title='bbox 851 4957 886 4973; x_wconf 92' lang='lat'><strong>-·</strong></span> <span class='ocrx_word' id='word_1_515' title='bbox 921 4932 1051 5003; x_wconf 75' lang='lat' dir='ltr'><strong>Apogre·</strong></span> 
     </span>
     <span class='ocr_line' id='line_1_82' title="bbox 160 4994 850 5069; baseline -0.004 -16"><span class='ocrx_word' id='word_1_516' title='bbox 160 4995 474 5069; x_wconf 61' lang='lat' dir='ltr'><strong>praeuarecatione.</strong></span> <span class='ocrx_word' id='word_1_517' title='bbox 488 4996 532 5051; x_wconf 82' lang='lat'><strong>86.</strong></span> <span class='ocrx_word' id='word_1_518' title='bbox 551 4994 639 5068; x_wconf 66' lang='lat' dir='ltr'><strong>ptr.</strong></span> <span class='ocrx_word' id='word_1_519' title='bbox 668 5024 672 5029; x_wconf 96' lang='lat'>·</span> <span class='ocrx_word' id='word_1_520' title='bbox 847 5003 850 5008; x_wconf 87' lang='lat'>&#39;</span> 
     </span>
    </p>
   </div>
   <div class='ocr_carea' id='block_1_21' title="bbox 915 4584 1049 4655">
    <p class='ocr_par' dir='ltr' id='par_1_22' title="bbox 915 4584 1049 4655">
     <span class='ocr_line' id='line_1_83' title="bbox 915 4584 1049 4655; baseline -0.067 0"><span class='ocrx_word' id='word_1_521' title='bbox 915 4592 973 4655; x_wconf 80' lang='lat'><strong>21.</strong></span> <span class='ocrx_word' id='word_1_522' title='bbox 991 4584 1049 4649; x_wconf 88' lang='lat' dir='ltr'><strong>lul.</strong></span> 
     </span>
    </p>
   </div>
   <div class='ocr_carea' id='block_1_22' title="bbox 909 4676 1048 4706">
    <p class='ocr_par' dir='ltr' id='par_1_23' title="bbox 909 4676 1048 4706">
     <span class='ocr_line' id='line_1_84' title="bbox 909 4676 1048 4706; baseline 0 0"><span class='ocrx_word' id='word_1_523' title='bbox 909 4676 1048 4706; x_wconf 60' lang='grc' dir='ltr'><strong><em>Μ</em></strong></span> 
     </span>
    </p>
   </div>
   <div class='ocr_carea' id='block_1_23' title="bbox 64 5134 290 5152">
    <p class='ocr_par' dir='ltr' id='par_1_24' title="bbox 64 5134 290 5152">
     <span class='ocr_line' id='line_1_85' title="bbox 64 5134 290 5152; baseline -0.009 0"><span class='ocrx_word' id='word_1_524' title='bbox 64 5134 290 5152; x_wconf 55' lang='lat' dir='ltr'><strong>m</strong></span> 
     </span>
    </p>
   </div>
   <div class='ocr_carea' id='block_1_24' title="bbox 94 5216 1054 5376">
    <p class='ocr_par' dir='ltr' id='par_1_25' title="bbox 94 5216 1054 5376">
     <span class='ocr_line' id='line_1_86' title="bbox 94 5216 1054 5312; baseline -0.001 -18"><span class='ocrx_word' id='word_1_525' title='bbox 94 5237 127 5308; x_wconf 86' lang='grc'><strong>1)</strong></span> <span class='ocrx_word' id='word_1_526' title='bbox 145 5234 208 5291; x_wconf 79' lang='lat' dir='ltr'><strong>Vid.</strong></span> <span class='ocrx_word' id='word_1_527' title='bbox 221 5252 290 5309; x_wconf 82' lang='lat' dir='ltr'><strong>quae</strong></span> <span class='ocrx_word' id='word_1_528' title='bbox 302 5253 384 5307; x_wconf 80' lang='lat' dir='ltr'><strong>sopra</strong></span> <span class='ocrx_word' id='word_1_529' title='bbox 396 5234 519 5293; x_wconf 88' lang='lat' dir='ltr'><strong>Mollero</strong></span> <span class='ocrx_word' id='word_1_530' title='bbox 531 5234 558 5293; x_wconf 87' lang='lat' dir='ltr'><strong>d.</strong></span> <span class='ocrx_word' id='word_1_531' title='bbox 573 5232 618 5292; x_wconf 72' lang='grc'><strong>61.</strong></span> <span class='ocrx_word' id='word_1_532' title='bbox 630 5216 698 5291; x_wconf 78' lang='lat' dir='ltr'><strong>Maii</strong></span> <span class='ocrx_word' id='word_1_533' title='bbox 715 5232 789 5290; x_wconf 79' lang='grc'><strong>1656.</strong></span> <span class='ocrx_word' id='word_1_534' title='bbox 809 5245 836 5291; x_wconf 87' lang='lat' dir='ltr'><strong>et</strong></span> <span class='ocrx_word' id='word_1_535' title='bbox 849 5234 1054 5312; x_wconf 70' lang='lat' dir='ltr'><strong>llerdeubergio</strong></span> 
     </span>
     <span class='ocr_line' id='line_1_87' title="bbox 132 5304 415 5376; baseline -0.004 -15"><span class='ocrx_word' id='word_1_536' title='bbox 132 5307 158 5361; x_wconf 86' lang='lat' dir='ltr'><strong>d.</strong></span> <span class='ocrx_word' id='word_1_537' title='bbox 175 5305 215 5360; x_wconf 84' lang='grc'><strong>17.</strong></span> <span class='ocrx_word' id='word_1_538' title='bbox 229 5311 287 5360; x_wconf 87' lang='lat' dir='ltr'><strong>lun.</strong></span> <span class='ocrx_word' id='word_1_539' title='bbox 300 5304 415 5376; x_wconf 76' lang='lat' dir='ltr'><strong>scripsit.</strong></span> 
     </span>
    </p>
   </div>
   <div class='ocr_carea' id='block_1_25' title="bbox 60 5385 865 5557">
    <p class='ocr_par' dir='ltr' id='par_1_26' title="bbox 60 5385 926 5557">
     <span class='ocr_line' id='line_1_88' title="bbox 94 5385 865 5481; baseline 0.005 -43"><span class='ocrx_word' id='word_1_540' title='bbox 94 5388 418 5460; x_wconf 47' lang='lat' dir='ltr'><strong>”Videpndregem</strong></span> <span class='ocrx_word' id='word_1_541' title='bbox 433 5386 697 5449; x_wconf 57' lang='lat' dir='ltr'><strong>nautarumque</strong></span> <span class='ocrx_word' id='word_1_542' title='bbox 714 5385 821 5481; x_wconf 30' lang='grc'><strong>1566..-</strong></span> <span class='ocrx_word' id='word_1_543' title='bbox 860 5450 865 5461; x_wconf 40' lang='grc' dir='ltr'>Ι</span> 
     </span>
     <span class='ocr_line' id='line_1_89' title="bbox 60 5481 604 5557; baseline 0.006 -5"><span class='ocrx_word' id='word_1_544' title='bbox 60 5486 243 5557; x_wconf 62' lang='lat' dir='ltr'><strong>mesura.</strong></span> <span class='ocrx_word' id='word_1_545' title='bbox 270 5484 375 5552; x_wconf 69' lang='lat' dir='ltr'><strong>oens.</strong></span> <span class='ocrx_word' id='word_1_546' title='bbox 400 5486 483 5553; x_wconf 74' lang='lat' dir='ltr'><strong>vos.</strong></span> <span class='ocrx_word' id='word_1_547' title='bbox 509 5481 604 5555; x_wconf 82' lang='lat' dir='ltr'><strong>vlu.</strong></span> 
     </span>
    </p>
   </div>
   <div class='ocr_carea' id='block_1_26' title="bbox 1084 5134 1713 5207">
    <p class='ocr_par' dir='ltr' id='par_1_27' title="bbox 1084 5134 1713 5207">
     <span class='ocr_line' id='line_1_90' title="bbox 1084 5134 1713 5207; baseline 0 -16"><span class='ocrx_word' id='word_1_548' title='bbox 1084 5181 1087 5185; x_wconf 88' lang='lat'><strong>.</strong></span> <span class='ocrx_word' id='word_1_549' title='bbox 1175 5139 1246 5192; x_wconf 81' lang='lat' dir='ltr'><strong>dicta</strong></span> <span class='ocrx_word' id='word_1_550' title='bbox 1260 5138 1293 5189; x_wconf 82' lang='lat' dir='ltr'><strong>ed</strong></span> <span class='ocrx_word' id='word_1_551' title='bbox 1307 5155 1349 5206; x_wconf 89' lang='lat' dir='ltr'><strong>ep.</strong></span> <span class='ocrx_word' id='word_1_552' title='bbox 1363 5135 1390 5193; x_wconf 82' lang='grc'><strong>(1.</strong></span> <span class='ocrx_word' id='word_1_553' title='bbox 1406 5135 1535 5193; x_wconf 69' lang='lat' dir='ltr'><strong>career.</strong></span> <span class='ocrx_word' id='word_1_554' title='bbox 1545 5136 1620 5191; x_wconf 71' lang='grc'><strong>1655.</strong></span> <span class='ocrx_word' id='word_1_555' title='bbox 1647 5134 1713 5207; x_wconf 87' lang='lat' dir='ltr'><strong>Quo</strong></span> 
     </span>
    </p>
   </div>
   <div class='ocr_carea' id='block_1_27' title="bbox 1095 4313 2090 4418">
    <p class='ocr_par' dir='ltr' id='par_1_28' title="bbox 1095 4313 2090 4418">
     <span class='ocr_line' id='line_1_91' title="bbox 1095 4313 2090 4418; baseline 0.003 -28"><span class='ocrx_word' id='word_1_556' title='bbox 1095 4313 1189 4413; x_wconf 75' lang='lat' dir='ltr'><strong>fium</strong></span> <span class='ocrx_word' id='word_1_557' title='bbox 1203 4315 1243 4418; x_wconf 77' lang='lat'><strong>’).</strong></span> <span class='ocrx_word' id='word_1_558' title='bbox 1281 4317 1466 4392; x_wconf 87' lang='lat' dir='ltr'><strong>Praeterea</strong></span> <span class='ocrx_word' id='word_1_559' title='bbox 1483 4317 1569 4417; x_wconf 91' lang='lat' dir='ltr'><strong>quid</strong></span> <span class='ocrx_word' id='word_1_560' title='bbox 1584 4342 1650 4393; x_wconf 87' lang='lat' dir='ltr'><strong>nos</strong></span> <span class='ocrx_word' id='word_1_561' title='bbox 1665 4325 1808 4395; x_wconf 86' lang='lat' dir='ltr'><strong>tandem</strong></span> <span class='ocrx_word' id='word_1_562' title='bbox 1821 4324 2004 4410; x_wconf 89' lang='lat' dir='ltr'><strong>molimur,</strong></span> <span class='ocrx_word' id='word_1_563' title='bbox 2030 4337 2090 4394; x_wconf 82' lang='lat' dir='ltr'><strong>aut</strong></span> 
     </span>
    </p>
   </div>
   <div class='ocr_carea' id='block_1_28' title="bbox 1106 4470 1327 4490">
    <p class='ocr_par' dir='ltr' id='par_1_29' title="bbox 1106 4470 1327 4490">
     <span class='ocr_line' id='line_1_92' title="bbox 1106 4470 1327 4490; baseline 0 -1"><span class='ocrx_word' id='word_1_564' title='bbox 1106 4470 1327 4490; x_wconf 66' lang='lat' dir='ltr'><strong>-n--dn-n-</strong></span> 
     </span>
    </p>
   </div>
   <div class='ocr_carea' id='block_1_29' title="bbox 1135 4563 2089 5056">
    <p class='ocr_par' dir='ltr' id='par_1_30' title="bbox 1135 4563 2089 4722">
     <span class='ocr_line' id='line_1_93' title="bbox 1137 4563 2089 4643; baseline -0.001 -22"><span class='ocrx_word' id='word_1_565' title='bbox 1137 4567 1165 4636; x_wconf 89' lang='grc'><strong>1)</strong></span> <span class='ocrx_word' id='word_1_566' title='bbox 1185 4566 1288 4621; x_wconf 78' lang='lat' dir='ltr'><strong>Verba:</strong></span> <span class='ocrx_word' id='word_1_567' title='bbox 1309 4563 1415 4620; x_wconf 81' lang='lat' dir='ltr'><strong>Ineunt</strong></span> <span class='ocrx_word' id='word_1_568' title='bbox 1427 4580 1488 4618; x_wconf 82' lang='lat' dir='ltr'><strong>uon</strong></span> <span class='ocrx_word' id='word_1_569' title='bbox 1499 4572 1552 4622; x_wconf 84' lang='lat' dir='ltr'><strong>etc.</strong></span> <span class='ocrx_word' id='word_1_570' title='bbox 1568 4571 1674 4621; x_wconf 80' lang='lat' dir='ltr'><strong>tantum</strong></span> <span class='ocrx_word' id='word_1_571' title='bbox 1688 4565 1823 4643; x_wconf 79' lang='lat' dir='ltr'><strong>habentur</strong></span> <span class='ocrx_word' id='word_1_572' title='bbox 1839 4568 1869 4624; x_wconf 88' lang='lat' dir='ltr'><strong>in</strong></span> <span class='ocrx_word' id='word_1_573' title='bbox 1881 4568 1943 4627; x_wconf 83' lang='lat' dir='ltr'><strong>cod.</strong></span> <span class='ocrx_word' id='word_1_574' title='bbox 1956 4566 2032 4621; x_wconf 88' lang='lat' dir='ltr'><strong>Mon.</strong></span> <span class='ocrx_word' id='word_1_575' title='bbox 2046 4565 2089 4621; x_wconf 89' lang='grc'><strong>86.</strong></span> 
     </span>
     <span class='ocr_line' id='line_1_94' title="bbox 1135 4646 1527 4722; baseline -0.008 -16"><span class='ocrx_word' id='word_1_576' title='bbox 1135 4652 1166 4722; x_wconf 80' lang='lat'><strong>2)</strong></span> <span class='ocrx_word' id='word_1_577' title='bbox 1183 4651 1289 4720; x_wconf 83' lang='lat' dir='ltr'><strong>Atqui]</strong></span> <span class='ocrx_word' id='word_1_578' title='bbox 1308 4646 1422 4704; x_wconf 78' lang='lat' dir='ltr'><strong>Bachm.</strong></span> <span class='ocrx_word' id='word_1_579' title='bbox 1434 4658 1527 4717; x_wconf 83' lang='lat' dir='ltr'><strong>etque.</strong></span> 
     </span>
    </p>

    <p class='ocr_par' dir='ltr' id='par_1_31' title="bbox 1136 4728 1634 4804">
     <span class='ocr_line' id='line_1_95' title="bbox 1136 4728 1634 4804; baseline 0.002 -17"><span class='ocrx_word' id='word_1_580' title='bbox 1136 4736 1167 4804; x_wconf 78' lang='lat'><strong>8)</strong></span> <span class='ocrx_word' id='word_1_581' title='bbox 1184 4733 1324 4802; x_wconf 63' lang='lat' dir='ltr'><strong>trulaque]</strong></span> <span class='ocrx_word' id='word_1_582' title='bbox 1345 4728 1458 4787; x_wconf 77' lang='lat' dir='ltr'><strong>Bsctm.</strong></span> <span class='ocrx_word' id='word_1_583' title='bbox 1479 4735 1634 4801; x_wconf 64' lang='lat' dir='ltr'><strong>usumque.</strong></span> 
     </span>
    </p>

    <p class='ocr_par' dir='ltr' id='par_1_32' title="bbox 1135 4816 1881 4889">
     <span class='ocr_line' id='line_1_96' title="bbox 1135 4816 1881 4889; baseline -0.001 -15"><span class='ocrx_word' id='word_1_584' title='bbox 1135 4822 1164 4889; x_wconf 75' lang='lat'><strong>4)</strong></span> <span class='ocrx_word' id='word_1_585' title='bbox 1180 4819 1341 4886; x_wconf 77' lang='lat' dir='ltr'><strong>cuiusdam]</strong></span> <span class='ocrx_word' id='word_1_586' title='bbox 1359 4817 1434 4872; x_wconf 80' lang='lat' dir='ltr'><strong>abest</strong></span> <span class='ocrx_word' id='word_1_587' title='bbox 1448 4835 1464 4871; x_wconf 78' lang='lat' dir='ltr'><strong>a</strong></span> <span class='ocrx_word' id='word_1_588' title='bbox 1480 4818 1544 4875; x_wconf 82' lang='lat' dir='ltr'><strong>cod.</strong></span> <span class='ocrx_word' id='word_1_589' title='bbox 1558 4817 1640 4889; x_wconf 79' lang='lat' dir='ltr'><strong>Mon.</strong></span> <span class='ocrx_word' id='word_1_590' title='bbox 1651 4816 1686 4877; x_wconf 87' lang='lat' dir='ltr'><strong>ll.</strong></span> <span class='ocrx_word' id='word_1_591' title='bbox 1699 4827 1726 4874; x_wconf 87' lang='lat' dir='ltr'><strong>el</strong></span> <span class='ocrx_word' id='word_1_592' title='bbox 1739 4838 1756 4876; x_wconf 81' lang='lat' dir='ltr'><strong>e</strong></span> <span class='ocrx_word' id='word_1_593' title='bbox 1769 4817 1881 4876; x_wconf 62' lang='lat' dir='ltr'><strong>Enim.</strong></span> 
     </span>
    </p>

    <p class='ocr_par' dir='ltr' id='par_1_33' title="bbox 1136 4901 1657 4972">
     <span class='ocr_line' id='line_1_97' title="bbox 1136 4901 1657 4972; baseline 0.002 -16"><span class='ocrx_word' id='word_1_594' title='bbox 1136 4904 1165 4972; x_wconf 82' lang='grc'><strong>6)</strong></span> <span class='ocrx_word' id='word_1_595' title='bbox 1183 4903 1378 4970; x_wconf 78' lang='lat' dir='ltr'><strong>opprimenda,</strong></span> <span class='ocrx_word' id='word_1_596' title='bbox 1387 4902 1436 4971; x_wconf 73' lang='lat' dir='ltr'><strong>eo]</strong></span> <span class='ocrx_word' id='word_1_597' title='bbox 1452 4902 1515 4959; x_wconf 84' lang='lat' dir='ltr'><strong>cod.</strong></span> <span class='ocrx_word' id='word_1_598' title='bbox 1528 4901 1609 4961; x_wconf 81' lang='lat' dir='ltr'><strong>Mon.</strong></span> <span class='ocrx_word' id='word_1_599' title='bbox 1623 4902 1657 4958; x_wconf 92' lang='lat' dir='ltr'><strong>ll.</strong></span> 
     </span>
    </p>

    <p class='ocr_par' dir='ltr' id='par_1_34' title="bbox 1135 4982 1609 5056">
     <span class='ocr_line' id='line_1_98' title="bbox 1135 4982 1609 5056; baseline -0.006 -13"><span class='ocrx_word' id='word_1_600' title='bbox 1135 4989 1164 5056; x_wconf 84' lang='lat'><strong>6)</strong></span> <span class='ocrx_word' id='word_1_601' title='bbox 1184 4986 1253 5042; x_wconf 88' lang='lat' dir='ltr'><strong>Cod.</strong></span> <span class='ocrx_word' id='word_1_602' title='bbox 1268 4982 1348 5039; x_wconf 88' lang='lat' dir='ltr'><strong>Mon.</strong></span> <span class='ocrx_word' id='word_1_603' title='bbox 1361 4983 1405 5039; x_wconf 86' lang='grc'><strong>86.</strong></span> <span class='ocrx_word' id='word_1_604' title='bbox 1423 4983 1609 5040; x_wconf 79' lang='lat' dir='ltr'><strong>Friderr&#39;eum.</strong></span> 
     </span>
    </p>
   </div>
   <div class='ocr_carea' id='block_1_30' title="bbox 1135 5066 2092 5415">
    <p class='ocr_par' dir='ltr' id='par_1_35' title="bbox 1135 5066 2092 5415">
     <span class='ocr_line' id='line_1_99' title="bbox 1135 5066 2089 5190; baseline -0.002 -66"><span class='ocrx_word' id='word_1_605' title='bbox 1135 5074 1164 5142; x_wconf 87' lang='grc'><strong>7)</strong></span> <span class='ocrx_word' id='word_1_606' title='bbox 1180 5070 1224 5124; x_wconf 86' lang='lat' dir='ltr'><strong>De</strong></span> <span class='ocrx_word' id='word_1_607' title='bbox 1239 5071 1368 5139; x_wconf 79' lang='lat' dir='ltr'><strong>Decide,</strong></span> <span class='ocrx_word' id='word_1_608' title='bbox 1385 5069 1503 5123; x_wconf 77' lang='lat' dir='ltr'><strong>diacono</strong></span> <span class='ocrx_word' id='word_1_609' title='bbox 1518 5066 1704 5139; x_wconf 72' lang='lat' dir='ltr'><strong>Preiherpemi</strong></span> <span class='ocrx_word' id='word_1_610' title='bbox 1714 5069 1789 5190; x_wconf 61' lang='lat' dir='ltr'><strong>Am·</strong></span> <span class='ocrx_word' id='word_1_611' title='bbox 1800 5067 1914 5137; x_wconf 75' lang='lat' dir='ltr'><strong>Freihur</strong></span> <span class='ocrx_word' id='word_1_612' title='bbox 1933 5073 2015 5138; x_wconf 81' lang='lat' dir='ltr'><strong>ensi),</strong></span> <span class='ocrx_word' id='word_1_613' title='bbox 2033 5073 2089 5128; x_wconf 79' lang='lat' dir='ltr'><strong>rid.</strong></span> 
     </span>
     <span class='ocr_line' id='line_1_100' title="bbox 1172 5136 2092 5276; baseline 0.001 -16"><span class='ocrx_word' id='word_1_614' title='bbox 1172 5204 1312 5260; x_wconf 83' lang='lat' dir='ltr'><strong>Pastorem</strong></span> <span class='ocrx_word' id='word_1_615' title='bbox 1332 5202 1560 5273; x_wconf 79' lang='lat' dir='ltr'><strong>Colditsieueem,</strong></span> <span class='ocrx_word' id='word_1_616' title='bbox 1576 5203 1637 5276; x_wconf 73' lang='lat' dir='ltr'><strong>qul</strong></span> <span class='ocrx_word' id='word_1_617' title='bbox 1656 5136 2092 5263; x_wconf 51' lang='lat' dir='ltr'><strong>sevuiiinihiituiffiiiiinui</strong></span> 
     </span>
     <span class='ocr_line' id='line_1_101' title="bbox 1176 5271 2090 5349; baseline 0.001 -21"><span class='ocrx_word' id='word_1_618' title='bbox 1176 5273 1327 5328; x_wconf 80' lang='lat' dir='ltr'><strong>Electorem</strong></span> <span class='ocrx_word' id='word_1_619' title='bbox 1341 5279 1369 5325; x_wconf 84' lang='lat' dir='ltr'><strong>ct</strong></span> <span class='ocrx_word' id='word_1_620' title='bbox 1386 5273 1443 5326; x_wconf 85' lang='lat' dir='ltr'><strong>eius</strong></span> <span class='ocrx_word' id='word_1_621' title='bbox 1456 5271 1559 5328; x_wconf 83' lang='lat' dir='ltr'><strong>bellum</strong></span> <span class='ocrx_word' id='word_1_622' title='bbox 1573 5278 1667 5329; x_wconf 73' lang='lat' dir='ltr'><strong>eone·</strong></span> <span class='ocrx_word' id='word_1_623' title='bbox 1768 5277 1835 5330; x_wconf 89' lang='lat' dir='ltr'><strong>ebur</strong></span> <span class='ocrx_word' id='word_1_624' title='bbox 1853 5276 1910 5329; x_wconf 82' lang='lat' dir='ltr'><strong>‘cos</strong></span> <span class='ocrx_word' id='word_1_625' title='bbox 1923 5292 1952 5327; x_wconf 83' lang='lat' dir='ltr'><strong>er</strong></span> <span class='ocrx_word' id='word_1_626' title='bbox 1965 5285 2090 5349; x_wconf 72' lang='lat' dir='ltr'><strong>suggestu</strong></span> 
     </span>
     <span class='ocr_line' id='line_1_102' title="bbox 1175 5340 2092 5415; baseline 0.002 -17"><span class='ocrx_word' id='word_1_627' title='bbox 1175 5360 1252 5398; x_wconf 70' lang='lat' dir='ltr'><strong>acro</strong></span> <span class='ocrx_word' id='word_1_628' title='bbox 1274 5340 1331 5395; x_wconf 83' lang='lat' dir='ltr'><strong>dira</strong></span> <span class='ocrx_word' id='word_1_629' title='bbox 1351 5340 1467 5409; x_wconf 83' lang='lat' dir='ltr'><strong>dixerat,</strong></span> <span class='ocrx_word' id='word_1_630' title='bbox 1492 5341 1615 5415; x_wconf 80' lang='lat' dir='ltr'><strong>adeoque</strong></span> <span class='ocrx_word' id='word_1_631' title='bbox 1628 5340 1711 5399; x_wconf 68' lang='lat' dir='ltr'><strong>Mi.</strong></span> <span class='ocrx_word' id='word_1_632' title='bbox 1752 5355 1788 5402; x_wconf 86' lang='lat' dir='ltr'><strong>et.</strong></span> <span class='ocrx_word' id='word_1_633' title='bbox 1803 5346 1835 5398; x_wconf 82' lang='lat' dir='ltr'><strong>ts</strong></span> <span class='ocrx_word' id='word_1_634' title='bbox 1870 5382 1878 5399; x_wconf 93' lang='lat'><strong>.</strong></span> <span class='ocrx_word' id='word_1_635' title='bbox 1912 5356 2092 5400; x_wconf 71' lang='lat' dir='ltr'><strong>cumcurm</strong></span> 
     </span>
    </p>
   </div>
   <div class='ocr_carea' id='block_1_31' title="bbox 1017 5408 2093 5503">
    <p class='ocr_par' dir='ltr' id='par_1_36' title="bbox 1017 5408 2093 5503">
     <span class='ocr_line' id='line_1_103' title="bbox 1017 5408 2093 5503; baseline 0.003 -39"><span class='ocrx_word' id='word_1_636' title='bbox 1017 5450 1026 5464; x_wconf 83' lang='grc'><strong>.</strong></span> <span class='ocrx_word' id='word_1_637' title='bbox 1083 5466 1090 5494; x_wconf 82' lang='lat'><strong>.</strong></span> <span class='ocrx_word' id='word_1_638' title='bbox 1177 5415 1317 5485; x_wconf 66' lang='lat' dir='ltr'><strong>Augusto,</strong></span> <span class='ocrx_word' id='word_1_639' title='bbox 1339 5408 1887 5489; x_wconf 65' lang='lat' dir='ltr'><strong>Dueessnssbmre,.eomm‚</strong></span> <span class='ocrx_word' id='word_1_640' title='bbox 1923 5412 2093 5503; x_wconf 78' lang='lat' dir='ltr'><strong>uieeiurque</strong></span> 
     </span>
    </p>
   </div>
   <div class='ocr_carea' id='block_1_32' title="bbox 1407 5480 1456 5560">
    <p class='ocr_par' dir='ltr' id='par_1_37' title="bbox 1407 5480 1456 5560">
     <span class='ocr_line' id='line_1_104' title="bbox 1407 5480 1456 5560; baseline -0.082 0"><span class='ocrx_word' id='word_1_641' title='bbox 1407 5480 1456 5560; x_wconf 77' lang='lat'><strong>61</strong></span> 
     </span>
    </p>
   </div>
   <div class='ocr_carea' id='block_1_33' title="bbox 0 0 2376 6016">
    <p class='ocr_par' dir='ltr' id='par_1_38' title="bbox 0 0 2376 6016">
     <span class='ocr_line' id='line_1_105' title="bbox 0 0 2376 6016; baseline 0 0"><span class='ocrx_word' id='word_1_642' title='bbox 0 0 2376 6016; x_wconf 95' lang='lat' dir='ltr'><strong> </strong></span> 
     </span>
    </p>
   </div>
  </div>
 </body>
</html>
