4776 6024
170 194 221 266 ss
739 154 1176 263 nrtsronanut'u
1234 136 1455 264 trajan.
1509 182 1642 264 raas.
2125 191 2202 265 too

175 390 240 458 pro
256 380 315 437 tua
330 365 497 454 gravitate
512 376 547 432 et
561 359 747 451 prudentia
769 360 923 431 libenter
942 373 975 431 et
998 357 1155 428 studiose
1206 355 1264 425 die
1278 380 1370 426 cum.
1382 370 1498 427 morte
1519 358 1692 437 luctatur,
1719 379 1788 448 qua
1800 354 1841 425 iu
1854 380 1894 427 re
1907 351 1977 427 boc
1992 352 2085 429 mihi
2102 384 2201 432 nou-

177 469 286 550 tueri,
308 482 408 556 teque
424 486 502 532 cum
519 475 662 551 propter
677 461 901 530 excellentem
918 460 1155 530 eruditionem
1208 452 1302 527 nihil
1322 458 1482 526 dolorem
1502 459 1608 543 lenit,
1633 459 1728 550 quod
1752 481 1852 527 mens
1873 458 1985 549 ipsius
2007 473 2041 531 et
2060 461 2200 553 integra

178 581 291 649 tuam,
325 579 399 634 tum
424 586 507 641 vero
529 563 635 633 etiam
669 577 813 655 propter
838 558 934 631 hunc
968 562 1083 651 ipsum
1118 560 1157 625 in
1208 573 1242 627 et
1256 559 1446 650 tranquilla
1463 572 1526 629 est.
1579 556 1691 627 Valde
1703 571 1821 628 autem
1839 584 1903 628 oro
1918 574 1971 645 te,
1998 576 2038 632 ut
2060 562 2199 636 interea

179 669 306 736 tuenda
340 662 602 732 consociatione
639 663 859 751 diligentiam
897 663 999 731 valde
1035 661 1157 747 diligo.
1209 682 1310 747 saepe
1330 660 1375 727 ad
1397 682 1457 726 me
1476 660 1619 732 scribas.
1669 655 1746 748 Ego
1764 661 2043 751 quotiespotero
2066 664 2200 734 etlite-

177 764 266 837 Cum
287 778 403 835 autem
426 765 495 832 iam
521 764 610 833 istuc
634 765 676 830 ad
700 762 825 849 operas
842 760 1085 851 grammaticas
1100 783 1158 827 ac·
1210 783 1267 828 ras
1281 759 1474 848 tet-paginas
1489 754 1548 828 hic
1561 760 1674 829 editas
1686 761 1840 831 mittam.
1889 758 2056 833 Debello
2076 766 2198 837 nescio

176 867 323 936 censitus
355 866 401 934 sit
428 857 599 933 Andreas
630 856 923 958 Weslingas'),
973 861 1160 952 praecipue
1211 859 1299 951 quid
1318 859 1481 929 scribam.
1530 858 1609 930 Scis
1629 860 1800 952 ‹11¹3de
1821 857 1964 953 sphingi
1984 863 2102 934 simile
2124 889 2201 937 esse

177 966 245 1037 tibi
275 967 595 1034 commendandum
626 984 700 1033 esse
731 965 872 1048 censui,
904 962 987 1055 quia
1010 957 1051 1031 jet
1084 962 1159 1051 ipse
1212 958 1818 1050 satiatam-crudelitatisophisticam.
1853 961 1957 1033 Talia
1974 987 2072 1039 nunc
2087 968 2199 1039 multa

178 1082 275 1138 tuam
298 1066 488 1155 amicitiam
509 1065 659 1134 maxime
683 1067 831 1155 expetit,
858 1090 938 1132 cum
961 1056 1047 1145 sciat
1064 1076 1104 1132 'te
1126 1073 1161 1130 et
1211 1062 1316 1144 liunt3
1343 1061 1441 1130 aliud
1457 1061 1595 1150 ¹agitur,
1621 1061 1720 1131 aliud
1744 1063 1961 1149 ostenditur3
1983 1065 2041 1135 rui
2065 1066 2198 1158 quibua

177 1164 356 1238 Ecclesiae
388 1166 586 1236 doctrinam
614 1179 707 1236 recte
738 1166 933 1252 intelligere
958 1177 993 1235 et
1013 1162 1160 1233 excellas
1211 1162 1395 1231 corriuncti
1416 1162 1558 1232 sintvix
1578 1162 1633 1230 illi
1655 1175 1807 1247 norunt,
1831 1165 1895 1257 qui
1911 1164 2071 1235 consiliis
2085 1167 2199 1239 inter-

178 1269 379 1357 cognitione
394 1267 534 1356 linguae
547 1262 738 1349 hebraeae,
748 1280 783 1336 et
797 1280 912 1357 speret
928 1266 995 1334 sibi
1012 1279 1071 1335 tna
1086 1262 1162 1332 col·
1212 1275 1305 1335 snm.
1342 1258 1438 1351 Ego
1445 1286 1503 1333 me
1517 1263 1642 1355 procul
1655 1263 1776 1333 abesse
1791 1287 1811 1333 a
1829 1265 2199 1339 talibusdeliberatio-

179 1369 298 1461 loquia
315 1370 468 1437 multum
482 1370 527 1437 ad
543 1368 709 1457 pietatem
725 1381 761 1453 ct
776 1367 1012 1436 eruditionem
1038 1363 1161 1455 profu·
1213 1362 1319 1433 nibus
1332 1364 1480 1451 gaudeo.
1531 1360 1671 1433 Interea
1685 1360 1878 1434 Ecclesiam
1893 1380 1928 1437 et
1945 1389 2009 1436 nos
2036 1368 2111 1437 lilio
2125 1367 2198 1439 Dei

179 1481 258 1538 tura
279 1489 362 1542 esse.
416 1467 458 1537 ln
483 1458 699 1545 bonis'vi'ris
724 1490 888 1556 magnum
905 1466 1087 1537 vinculum
1110 1476 1161 1533 est
1213 1465 1432 1536 commendo»
1473 1457 1658 1554 Oppidum
1672 1487 1745 1534 uon
1761 1465 2130 1558 proculaNoriberga
2146 1470 2200 1539 si-·

179 1584 321 1638 mutuae
341 1566 607 1639 benevolentiae
620 1568 817 1637 studiorum
834 1568 1027 1636 similitudo
1047 1580 1082 1636 et
1106 1564 1160 1634 iu·
1215 1578 1289 1633 turn
1307 1556 1530 1632 Foralsheim
1545 1588 1642 1635 nunc
1657 1565 1797 1636 obsidet
1812 1560 1997 1637 Manlio
2011 1564 2199 1641 Alterius.

180 1668 356 1738 diciorum
396 1669 546 1739 collatio.
605 1665 869 1739 Animadvertis
909 1683 1026 1737 autem
1064 1663 1161 1735 hunc
1212 1662 1384 1754 Propiora
1405 1664 1535 1755 oppida
1552 1663 1786 1754 Noribergae,
1820 1692 1910 1760 quae
1933 1669 2024 1738 rexit
2044 1666 2200 1741 Senatus

181 1763 369 1837 Andream
386 1766 573 1839 honestum
588 1770 705 1838 virtim
723 1792 796 1838 esse
812 1782 845 1838 et
862 1768 1060 1838 communis
1075 1791 1161 1836 con·
1212 1763 1500 1854 Noribergensis‚
1534 1766 1663 1835 delevit
1689 1766 1865 1837 incendio.
1927 1764 2045 1839 Aiunt
2068 1771 2195 1840 ducem

180 1870 321 1938 cordiae
350 1884 523 1939 amantem
554 1883 588 1938 et
629 1870 783 1940 alienum
817 1872 862 1941 ab
895 1870 1160 1940 obtrectatione.
1211 1863 1411 1934 Hcaricum
1435 1862 1729 1936 Brunsvicensem
1754 1869 1883 1939 ducere
1910 1870 2100 1940 exercitum
2133 1872 2198 1941 ad-

180 1968 299 2057 Qnare
319 1985 352 2041 te
367 1983 503 2054 oro,ut
517 1994 597 2040 eum
610 1970 854 2062 complectaris
869 1985 903 2040 et
921 1970 1077 2040 consiliis
1091 1969 1161 2038 tuis
1214 1991 1335 2036 versus
1365 1960 1610 2035 Marchionem
1643 1968 1842 2044 Albertum.
1901 1968 2009 2045 Plura
2041 1971 2197 2043 scribere

179 2090 289 2159 regas.
341 2068 453 2162 Spero
475 2071 549 2140 eius
571 2071 846 2141 familiaritatem
868 2072 932 2141 tibi
951 2095 1023 2141 non
1040 2071 1161 2139 insua-
1215 2091 1309 2136 nunc
1330 2091 1402 2135 non
1433 2067 1552 2157 potui,
1591 2092 1656 2138 nec
1679 2063 1843 2138 historias
1868 2085 1979 2142 certas
2009 2064 2196 2147 habebam.

179 2194 257 2238 vem
276 2172 361 2239 fore.
401 2167 551 2239 Decrevi
564 2174 608 2239 ad
624 2196 686 2240 vos
701 2173 868 2262 expatiari
885 2196 990 2264 quarn
1007 2172 1161 2262 primum
1213 2166 1309 2237 Haec
1324 2168 1446 2258 scripsi
1464 2191 1585 2247 mane,
1611 2182 1706 2239 stans
1726 2169 1770 2237 ad
1795 2170 1925 2239 lectum
1942 2172 2087 2243 miserae
2107 2196 2198 2242 con-

178 2284 321 2360 potero,
347 2284 388 2340 ut
410 2272 454 2339 de
474 2271 689 2359 gravissimis
710 2273 923 2365 quibusdam
945 2272 1160 2364 quaestioni·
1214 2269 1304 2356 iugis
1329 2290 1447 2349 meae,
1480 2268 1644 2339 luctantis
1676 2293 1757 2339 cnm
1783 2284 1908 2345 morte.
1969 2268 2048 2344 Oro
2081 2272 2197 2342 tilium

161 2372 245 2439 ,bus
266 2385 379 2438 tecum
402 2385 536 2441 etcum
562 2372 641 2440 aliis
658 2373 804 2442 eruditis
821 2375 1011 2467 colloquar.
1064 2371 1161 2440 Bene
1213 2367 1298 2454 Dei,
1322 2383 1363 2439 ut
1379 2369 1595 2439 calamitates
1610 2370 1769 2462 publicas
1783 2385 1819 2442 et
1834 2373 1989 2463 privatas
2011 2374 2139 2458 leniat,
2164 2386 2200 2443 et

179 2483 212 2541 et
228 2472 376 2542 feliciter
392 2471 480 2541 vale.
531 2471 672 2547 lateas.
688 2470 789 2547 Maii.
1214 2483 1328 2539 servet
1357 2483 1392 2540 te
1418 2483 1451 2538 et
1476 2482 1555 2538 tuos
1577 2494 1698 2539 omnes
1720 2472 1929 2548 incolumes.
1983 2472 2081 2544 Bene
2108 2474 2200 2547 vate.

911 2582 1110 2681 thljppug
1213 2570 1309 2643 Prid.
1326 2566 1401 2640 Cal.
1417 2569 1523 2640 lunii.
1576 2568 1734 2641 Salutem
1755 2585 1838 2663 opto
1859 2566 2064 2669 D.Mylr‘o.
2118 2569 2197 2642 An·

1213 2665 1339 2741 dream
1358 2666 1602 2764 Weslingnm
1618 2671 1685 2741 tibi
1700 2675 1924 2749 commendo.

182 2825 753 2840 mun-„m

175 2963 242 3034 Nn.
259 2960 373 3037 5400.
1001 2976 1059 3038 st.
1075 2967 1160 3033 lllaii.

180 3057 352 3086 *on-⁴
991 3060 1160 3084 *Ν
1224 3047 1291 3119 Νο.
1305 3044 1420 3124 6401.
2046 3055 2202 3127 81.Μῶ

1215 3144 1423 3181 Μ
2032 3144 2205 3174 m

1478 3232 1483 3241 ’
1521 3231 1589 3317 Ie.
1617 3234 1882 3321 Mnesteris.

1220 3394 1223 3399 ·
1278 3384 1363 3458 Epist.
1380 3383 1428 3440 lib.
1443 3384 1477 3445 ll.
1491 3404 1521 3459 p.
1539 3387 1598 3444 106.
1611 3389 1668 3458 (ed.
1682 3384 1772 3446 bord
1786 3386 1834 3446 lib.
1847 3387 1883 3446 tt.
1899 3406 1943 3461 ep.
1958 3388 2027 3459 92).

1396 3532 1452 3609 D.
1476 3530 1694 3608 Iohanni
1715 3532 1991 3613 Matttesto

420 3129 423 3135 ¹
467 3158 559 3243 Iac.
579 3162 839 3274 Bardingo.

244 3321 267 3389 †
285 3319 322 3374 tir
339 3339 432 3393 apogr.
450 3322 479 3375 in
498 3323 559 3376 cod.
580 3321 665 3377 Paris.
681 3319 718 3376 D.
736 3321 769 3375 Ι..
788 3323 849 3377 ⁵4⁸.

177 3466 353 3543 Iacobo
379 3469 645 3568 Bardingo,
682 3466 839 3544 doctoris
871 3473 967 3544 artas
999 3470 1158 3553 medicae

305 3574 346 3643 in
368 3570 506 3669 inclyta
533 3569 733 3645 Academia
759 3569 1029 3646 Rostocttaaa.

177 3704 223 3791 S.
251 3724 294 3797 D.
342 3718 391 3793 Et
405 3724 514 3794 debeo
536 3741 568 3796 et
585 3721 700 3796 habeo
722 3726 970 3817 tibigratiam,
996 3731 1091 3821 qnod
1120 3731 1157 3798 in
1210 3667 1258 3756 s·
1278 3681 1323 3758 D·
1375 3684 1651 3806 Refefffldffl‘
1667 3699 1701 3759 εἴ
1716 3682 1919 3760 ⁰h³¹i³⁸i¹¹¹²
1935 3690 2059 3774 frama
2082 3688 2198 3785 8ΜΡθ

1212 3801 1332 3877 repeto
1347 3788 1593 3859 dulcissimum
1609 3812 1768 3870 versum,

180 3822 303 3894 itinere
320 3837 379 3894 tuo
396 3849 510 3915 nuper
526 3851 591 3895 nos
608 3828 813 3919 alloquutus
829 3822 917 3921 es').
967 3825 1045 3898 Etsi
1063 3830 1156 3899 enim

178 3927 280 3995 breve
298 3927 513 4018 colloquium
539 3927 623 4012 fuit,
648 3941 767 3999 tamen
789 3929 833 3997 de
850 3928 1061 4022 quibusdam
1082 3956 1158 4011 ma·
1251 3917 1307 3992 El?
1326 3913 1442 3999 3de
1462 3915 1559 3985 “37⁰5
1579 3916 1688 4005 Wlf
1708 3916 1876 4000 ‘hlium
1901 3910 2008 4003 Μ·

176 4025 256 4111 gnis
271 4029 375 4096 rebus
397 4027 567 4098 iuditium
592 4042 693 4099 tuum
714 4029 866 4100 libenter
881 4030 1022 4110 audivi,
1047 4054 1087 4101 ac
1109 4032 1157 4102 ita
1211 4034 1290 4109 Erit
1311 4038 1420 4128 igitur
1442 4053 1476 4110 et
1497 4053 1704 4133 conspectus
1719 4052 1834 4111 vester
1859 4035 1950 4111 mibi
1966 4041 2144 4113 ineundus
2164 4056 2202 4114 et

178 4149 433 4193 accensussum
450 4130 1157 4215 desideriotuaeconsuetudinis,utcum
1212 4140 1325 4210 dulcis
1344 4140 1458 4211 oratio
1485 4164 1565 4210 cum
1593 4141 1819 4213 adveneritis.
1877 4139 1968 4211 Nam
2000 4143 2046 4211 de
2074 4144 2200 4214 multis

179 4225 332 4312 primum
354 4238 475 4314 potero
498 4229 543 4296 ad
559 4254 622 4299 vos
636 4235 820 4318 accedere,
845 4248 880 4304 et
902 4233 1158 4325 aliquantisper
1211 4240 1348 4333 magnis
1375 4241 1481 4311 rebus
1507 4256 1542 4312 et
1570 4243 1852 4313 consideratione
1876 4241 1994 4331 dignis
2013 4242 2200 4337 colloque-

178 4328 386 4395 commorari
404 4326 481 4395 istic
495 4329 727 4416 decreverim,
751 4347 869 4406 tecum
879 4347 920 4404 ut
933 4334 1068 4404 diutius
1082 4334 1157 4405 col·
1212 4365 1303 4412 mur.
1355 4338 1475 4429 Quare
1489 4356 1530 4413 ut
1545 4343 1694 4412 veniatis
1714 4356 1821 4433 opto,
1847 4356 1883 4413 et
1903 4339 2036 4414 Filium
2048 4342 2114 4414 Dei
2129 4366 2197 4414 oro

178 4426 275 4517 loqui
294 4427 408 4500 liceat.
458 4421 560 4496 Nihil
576 4432 762 4502 amabilius
777 4446 828 4503 est
840 4434 1049 4507 rectitudine
1063 4435 1158 4506 iudi·
1210 4456 1250 4513 ut
1266 4466 1327 4512 vos
1343 4455 1519 4532 protegat,
1543 4455 1584 4512 ut
1600 4444 1685 4515 texit
1701 4439 1817 4513 Iacob
1833 4442 2018 4514 facientem
2032 4444 2101 4514 iter
2109 4466 2194 4513 cum

178 4526 222 4592 cii
244 4528 430 4596 coniuncta
454 4552 533 4596 carm
555 4531 719 4613 candore,
777 4531 845 4603 His
864 4536 1057 4607 virtutibus
1077 4561 1156 4607 cum
1211 4540 1365 4611 Ecclesia
1381 4566 1442 4612 sua
1460 4543 1661 4614 domestica.
1694 4542 1777 4615 Mea
1793 4543 2199 4638 miseraconiuusquo-

178 4640 211 4691 te
227 4629 395 4698 excellere
411 4628 571 4714 videam,
590 4630 661 4698 frui
678 4632 923 4704 eruditissimis
939 4639 1008 4705 tuis
1024 4660 1158 4706 sermo·
1212 4644 1297 4712 tidie
1312 4644 1382 4711 iam
1397 4667 1476 4711 cum
1495 4656 1607 4712 morte
1623 4645 1794 4727 luctatur,
1810 4668 1873 4733 ego
1889 4645 2196 4716 commiseratione

176 4728 283 4796 nibus
304 4730 406 4799 valde
428 4730 544 4822 cupio.
594 4728 698 4799 Nunc
720 4733 877 4801 retineor
895 4731 1011 4806 adhuc
1035 4739 1158 4806 dome·
1210 4744 1312 4811 valde
1333 4743 1525 4816 excrucior.
1584 4742 1653 4813 Sed
1669 4740 1744 4816 hoc
1770 4746 1930 4814 dolorem
1958 4745 2065 4830 lenit,
2096 4747 2197 4839 quod

175 4829 270 4898 sticis
285 4833 474 4906 aerumnis.
522 4829 613 4901 Nam
629 4854 705 4901 mea
730 4829 1016 4905 coniunnadltuc
1038 4837 1157 4929 quoti·
1210 4843 1320 4929 ipsius
1347 4867 1446 4912 mens
1469 4856 1503 4913 et
1524 4843 1658 4932 integra
1681 4861 1714 4916 et
1730 4847 1922 4939 tranquilla
1940 4860 1992 4915 est
2008 4846 2197 4915 manifesto

170 5000 182 5008 .
223 4999 395 5010 ....
1210 4944 1280 5013 Dei
1304 4944 1484 5013 beneficio.
1539 4942 1623 5014 Tibi
1653 4961 1686 5017 et
1711 4936 1883 5044 Casparo
1904 4947 2058 5039 pagellas
2078 4947 2197 5032 mitto,

208 5081 240 5149 *l
257 5082 331 5137 attic
348 5081 376 5135 io
392 5083 567 5141 Academiam
582 5087 814 5158 Rostoebiansm,
834 5098 864 5144 ut
880 5087 1007 5144 ex'l'omo
1021 5088 1057 5142 ll.
1077 5086 1156 5142 Seri·
1209 5046 1253 5114 de
1275 5046 1404 5138 qulbus
1425 5044 1597 5115 iuditium
1616 5066 1772 5120 vestrum
1801 5048 1932 5138 flafiim·
1983 5046 2082 5119 Bene
2103 5048 2196 5117 vale·

241 5164 350 5272 ἓξὲξ...
373 5151 507 5224 posttea.
531 5156 616 5212 aaa
633 5156 744 5216 wien.
765 5157 940 5230 inretiatur,
973 5174 1066 5213 aaa·
1085 5153 1155 5211 totto
1207 5144 1328 5216 Pridie
1344 5144 1493 5219 Catend.
1508 5143 1614 5222 lunii.

208 5303 241 5374 t)
259 5302 318 5362 vta
330 5302 358 5360 a.
371 5305 395 5359 s.
410 5302 476 5358 aaut
489 5302 515 5360 a.
530 5325 556 5362 s.
