4776 6024
174 244 252 332 sot
755 247 1196 331 amsrouattttnt
1249 249 1354 326 [ΑΒ.
1381 248 1463 331 xn.
1517 252 1646 330 root.
2150 261 2228 336 sto

188 444 248 497 eas
265 415 573 509 interpretationes
590 417 738 504 celeres,
764 415 953 491 conveniet
967 445 1047 492 cum
1067 421 1112 492 iis
1126 445 1185 493 re-
1253 412 1320 489 No.
1337 410 1451 491 5650.
2065 431 2125 500 et.
2140 427 2211 496 Iun.

189 528 275 609 bus,
300 544 390 618 quae
406 543 503 590 nunc
524 520 744 612 impendent.
796 514 983 619 Stephani
1001 525 1183 614 negotium
1241 510 1454 552 Μ
1589 590 1598 609 ,
2047 521 2219 550 Μ

185 622 280 697 mihi
311 644 417 694 curae
446 621 532 707 erit,
565 645 669 714 quem
700 622 768 692 scis
788 648 844 693 me
865 626 1086 716 complexum
1109 647 1183 696 esse
1449 588 1656 692 (Te-illm·
1685 586 1743 675 (Ῑθ
1773 587 2006 692 Andre&

186 743 270 801 ente
282 725 416 797 multos
431 746 566 808 annos,
592 747 632 792 ac
648 725 752 793 valde
767 726 838 793 iam
855 727 930 796 eius
946 740 1135 818 conspectu
1148 738 1184 795 et
1302 744 1326 815 †
1344 745 1569 821 &autographo
1589 746 1617 800 tn
1636 745 1703 805 brut.
1724 746 1897 819 Guetphers.
1915 749 2056 822 sarapta.

185 827 414 945 serruouibus
428 820 644 943 exhilaratus
657 847 770 945 sum,
783 850 864 897 cum
878 827 1019 946 quidem
1036 842 1069 900 et
1084 852 1183 897 mor·
1231 877 1324 954 Pas!
1389 882 1485 956 EI
1532 884 1538 900 Ι
1597 880 1640 954 D
1669 883 1714 903 ..
1836 881 1873 956 'd
2050 889 2057 904 ι
2202 897 2210 915 1

185 934 233 1004 bo
259 950 440 1021 corporis,
478 940 512 996 et
545 927 625 996 alus
655 927 840 999 dotonbus
864 952 1050 1003 cruciarer.
1110 928 1180 1001 sed
1326 910 1368 956 ον
1431 908 1580 957 crestae
1642 908 1674 955 ιι
1698 910 1737 955 m
1756 910 1841 984 oppa
1870 885 2099 964 oSaxomae
2125 893 2225 968 W.

184 1031 262 1105 ῃω
284 1052 352 1101 „03
369 1029 599 1107 commendo,
626 1051 731 1121 quem
748 1054 830 1116 om,
856 1044 896 1101 ut
912 1027 1085 1101 Ecclesia
1101 1038 1182 1099 ms
1233 983 1380 1104 teberga
1408 997 1441 1056 et
1464 985 1595 1058 caeteri
1622 985 1791 1104 ministri
1810 987 2017 1085 Evangelii
2037 993 2076 1062 in
2100 994 2225 1068 eadem

183 1134 320 1228 gggque
337 1143 488 1203 meatur·
542 1124 737 1201 Victorino
760 1132 910 1202 saputem
935 1146 1030 1221 opto·
1081 1129 1180 1200 Bene
1231 1084 1403 1159 Ecclesea
1429 1087 1586 1159 salutem
1617 1084 1744 1159 dicunt
1775 1089 1945 1163 omnibus
1978 1091 2123 1166 lecturis
2151 1093 2224 1171 hos

187 1236 279 1308 vale.
326 1213 385 1303 die
402 1231 567 1321 baptismi
592 1232 654 1299 lilii
669 1231 755 1315 Dei,
781 1234 820 1302 in
836 1231 1061 1326 quoillustri
1082 1232 1181 1304 testi·
1661 1187 1801 1268 Imm·

191 1336 313 1407 monio
326 1357 360 1405 se
377 1333 551 1403 divinitus
572 1333 744 1426 patefecit.
1229 1308 1275 1393 N
1276 1346 1325 1392 on
1346 1323 1415 1392 alia
1430 1346 1499 1392 vox
1520 1321 1559 1390 in
1583 1323 1681 1393 coelo
1701 1337 1734 1393 et
1753 1325 1791 1393 in
1814 1339 1905 1396 terra
1923 1352 2081 1420 unquam
2096 1335 2224 1404 arden-

929 1430 1129 1528 Pbilippus,
1230 1423 1301 1494 tior
1323 1424 1442 1495 audita
1460 1435 1528 1506 est,
1554 1447 1660 1515 quam
1682 1426 1836 1514 precatio
1858 1425 1942 1496 Filii
1955 1427 2024 1498 Dei
2050 1431 2089 1498 in
2112 1457 2223 1524 agone

1230 1524 1268 1591 in
1283 1548 1352 1618 qua
1366 1525 1455 1617 petit
1471 1523 1590 1611 colligi
1611 1536 1646 1594 et
1666 1526 1798 1594 servari
1813 1523 2006 1598 Ecclesiam
2024 1545 2058 1600 et
2074 1534 2123 1602 sic
2138 1542 2223 1627 regi,

1123 1655 1166 1664 ··
1230 1639 1271 1696 ut
1294 1649 1407 1694 unum
1428 1625 1474 1693 sit
1496 1624 1535 1691 iu
1557 1621 1646 1694 Deo.
1699 1622 1799 1693 ldem
1821 1627 1906 1697 inde
1924 1653 2034 1724 usque
2050 1635 2095 1703 ab
2117 1637 2220 1711 initio

196 1796 232 1871 N
282 1794 389 1875 662⁹
1096 1796 1113 1862 I
1229 1726 1369 1817 generis
1382 1720 1550 1810 humani,
1574 1726 1743 1796 omnibus
1765 1731 1984 1819 temporibus
2003 1736 2117 1807 donec
2138 1742 2222 1811 uni-

231 1825 266 1875 0·
389 1844 400 1869 ·
1000 1801 1172 1921 Q
1230 1850 1331 1896 versa
1371 1824 1527 1896 Ecclesia
1567 1851 1608 1896 ex
1645 1840 1759 1896 morte
1796 1833 2081 1920 resuscitabitur,
2120 1843 2219 1928 petit.

214 1910 252 1938 ““
488 1982 625 2069 [weh
669 1982 866 2068 Mollem
1229 1927 1379 2018 Propter
1413 1924 1505 1996 banc
1538 1925 1623 1995 Filii
1658 1927 1915 2017 precationem,
1963 1957 2043 2003 cum
2078 1940 2220 2032 colliget

628 2045 638 2067 ·
869 2044 880 2067 ⁰
1228 2029 1327 2100 Deus
1341 2025 1536 2097 Ecclesiam
1557 2027 1651 2098 inter
1671 2049 1738 2096 nos
1763 2053 1903 2123 quoque
1928 2036 2057 2121 gratias
2081 2042 2218 2128 agimus

256 2155 342 2228 [ρίου.
355 2155 407 2213 lib.
419 2155 454 2213 tt.
466 2173 494 2227 p.
507 2155 566 2214 519.
578 2154 635 2225 (ed.
649 2154 736 2209 bona.
749 2154 795 2233 tib.¹
812 2153 846 2207 tt.
862 2170 905 2221 ep.
919 2151 1000 2222 otta.
1229 2144 1263 2198 et
1278 2143 1420 2198 aeterno
1438 2127 1535 2197 Patri
1561 2143 1595 2198 et
1611 2126 1706 2197 Filio
1731 2129 1806 2198 eius
1820 2127 1975 2203 Domino
1999 2157 2120 2211 nostro
2139 2143 2218 2217 lesu

1228 2225 1372 2300 Christo
1393 2243 1429 2300 et
1452 2227 1604 2320 Spiritui
1628 2228 1758 2300 Sancto
1780 2245 1815 2301 et
1834 2235 1985 2319 gemitus
2011 2256 2150 2312 nostros
2172 2251 2218 2317 ad

273 2368 280 2383 .
399 2308 456 2388 D·
484 2307 511 2383 Ῑ
516 2306 656 2383 sachi
663 2335 730 2380 '1¹⁰
756 2303 864 2379 M⁰l
872 2304 968 2378 107⁰
1228 2331 1357 2401 summi
1374 2330 1576 2402 Sacerdotis
1597 2332 1708 2400 nostri
1725 2328 1873 2402 Domini
1888 2332 1967 2406 Iesu
1983 2335 2116 2412 Christi
2136 2371 2217 2438 pre-

194 2452 244 2541 s·
265 2461 314 2541 D.
359 2458 559 2536 clarissime
576 2461 632 2530 vir
648 2475 682 2531 et
698 2455 899 2531 charissime
913 2458 1039 2541 frater,
1066 2454 1176 2526 Sumo
1228 2433 1402 2503 calll'n‘m
1425 2432 1650 2522 adiungimus
1664 2444 1700 2501 0¹
1716 2434 1886 2522 Pellmffii
1919 2447 2219 2532 utsemperinter

191 2570 286 2638 idem
309 2566 491 2637 exordium
517 2564 556 2633 in
575 2564 741 2656 epistola,
767 2562 863 2655 quod
887 2559 991 2630 estin
1003 2558 1176 2644 versibus,
1228 2557 1293 2604 ¹¹⁰⁵
1310 2557 1451 2627 q¹¹⁰q¹¹⁰
1467 2534 1654 2622 william?
1668 2547 1809 2603 aelerna
1825 2533 2000 2622 Ecclesia,
2023 2549 2215 2634 quodcum

187 2691 278 2765 quo,
291 2667 358 2740 figi
373 2668 491 2740 misto,
1228 2636 1287 2703 liat
1310 2658 1396 2704 voce
1416 2631 1604 2722 Evangelii
1623 2648 1658 2704 et
1683 2658 1758 2703 non
1781 2635 1901 2723 aliter,
1933 2640 2023 2710 sicut
2045 2646 2215 2738 scriptum

1228 2749 1294 2807 est:
1319 2731 1552 2823 Evangelinm
1568 2747 1618 2804 est
1632 2736 1790 2825 potentia
1803 2734 1871 2805 Dei
1887 2739 1930 2807 ad
1949 2742 2095 2812 salutem
2114 2754 2214 2820 omni

1226 2836 1402 2915 credenti,
1433 2837 1511 2905 vuit
1532 2833 1629 2905 Deus
1654 2835 1734 2925 eligi
1769 2837 1915 2910 idoneos
1943 2844 1988 2910 ad
2015 2847 2215 2922 docendum

1227 2933 1470 3026 Evangelium.
1522 2935 1711 3006 Testamur
1728 2938 1836 3028 igitur
1857 2934 1953 3012 hrrnc
1975 2937 2160 3018 honestum
2181 2968 2216 3026 et

1227 3039 1406 3110 eruditum
1416 3038 1534 3108 virum
1562 3087 1584 3122 ,‚
1595 3033 1780 3106 Andream
1796 3035 1991 3113 Zinlreisen
2007 3043 2214 3123 Gothanum

1231 3155 1420 3224 „vocatum
1449 3161 1522 3208 esse
1552 3142 1596 3208 ad
1625 3140 1821 3210 docendam
1843 3137 2036 3216 Ecclesiam
2065 3150 2104 3219 in
2127 3176 2213 3243 pago

238 3240 318 3317 Etsi
340 3243 527 3314 infirmitas
552 3262 678 3330 magna
702 3251 754 3307 est
777 3239 815 3307 in
836 3234 1003 3307 Ecclesiis
1028 3234 1174 3306 nostris:
1231 3243 1371 3326 „Smira
1387 3264 1496 3333 prope
1512 3237 1712 3315 Eriordia'a.'’
1761 3241 1851 3314 Cum
1867 3259 1982 3315 autem
1999 3272 2017 3315 a
2035 3252 2213 3345 nobispe-

186 3363 310 3420 tamen
323 3346 480 3417 vidimus
494 3358 529 3415 et
543 3343 703 3411 videmus
719 3363 776 3409 eas
790 3365 809 3410 a
823 3337 917 3408 Filio
933 3336 999 3406 Dei
1013 3341 1094 3427 tegi.
1128 3332 1175 3405 Et
1227 3344 1332 3414 titum
1357 3343 1419 3426 sit,
1445 3356 1485 3412 ut
1503 3343 1681 3433 explorata
1698 3343 1772 3412 eius
1790 3346 1988 3416 eruditione
2005 3351 2213 3426 adderemus

185 3446 284 3523 hunc
300 3469 461 3532 oremus,
486 3460 527 3516 ut
541 3445 705 3533 deinceps
727 3464 791 3509 nos
807 3441 979 3529 gubernet
999 3454 1033 3509 et
1057 3451 1173 3529 prote·
1226 3444 1412 3535 publicum
1434 3444 1542 3511 ritum
1563 3443 1819 3528 ordinationis,
1844 3445 2033 3534 diligenter
2054 3475 2133 3521 eum
2149 3480 2213 3525 au-

188 3564 259 3641 gat.
309 3547 522 3619 Academiae
548 3546 663 3615 studia
690 3567 730 3611 ex
757 3540 921 3633 pagellis,
952 3564 1039 3633 quas
1063 3539 1175 3620 mitto,
1227 3544 1400 3625 divimus,
1429 3554 1462 3610 et
1487 3543 1722 3631 comperimus
1747 3568 1826 3613 eum
1852 3561 1944 3617 recte
1968 3563 2086 3621 tenere
2116 3578 2214 3625 sum-

192 3673 396 3740 cognoscere
418 3663 527 3743 potes.
585 3645 632 3716 Et
655 3646 762 3714 irater
786 3646 830 3711 de
858 3642 930 3712 suis
953 3641 1175 3712 auditoribus
1226 3668 1319 3712 mam
1343 3643 1524 3711 doctrinae
1545 3637 1784 3728 Christianae,
1815 3659 1848 3715 et
1872 3647 1929 3734 pie
1954 3666 1988 3721 et
2012 3669 2213 3727 constanter

193 3752 337 3833 scribet,
371 3775 460 3844 quos
483 3746 671 3824 hortabor,
708 3758 747 3816 ut
778 3744 849 3812 sint
872 3765 1043 3812 memores
1067 3739 1175 3810 officii
1226 3744 1391 3836 amplecti
1417 3743 1605 3835 puritatem
1630 3740 1834 3833 Evangelii,
1868 3771 1973 3838 quam
2002 3765 2035 3818 et
2056 3750 2212 3831 Ecclesia

194 3853 262 3926 sui.
296 3850 411 3924 Mittit
426 3853 530 3931 etiam
545 3853 590 3919 ad
608 3864 641 3919 te
657 3849 730 3938 ipse
747 3846 900 3937 pagellas
915 3845 954 3913 iu
968 3845 1056 3915 urbe
1065 3835 1173 3914 Nao-
1226 3859 1346 3917 nostra
1371 3870 1442 3914 una
1458 3869 1543 3915 voce
1565 3857 1600 3915 et
1622 3869 1694 3915 uno
1711 3847 1835 3936 spiritu
1856 3872 1934 3917 cum
1953 3846 2121 3923 catholica
2140 3855 2212 3929 Ec.

194 3976 309 4049 pyrgo
321 3953 359 4025 in
379 3954 457 4043 ripa
475 3947 593 4023 Saloe
613 3950 776 4040 scriptas,
802 3972 873 4041 quo
890 3970 965 4015 non
987 3945 1050 4015 alii
1074 3966 1176 4036 prae·
1227 3948 1331 4019 clesia
1345 3943 1480 4017 Christi
1497 3947 1697 4036 profitetur,
1719 3972 1758 4017 ac
1773 3973 1792 4017 a
1808 3950 1968 4018 fanaticis
1982 3954 2212 4040 opinionibus

195 4068 250 4127 ter
276 4050 471 4125 Hessiacos
505 4069 540 4124 et
572 4045 778 4122 Sledanum
810 4052 855 4119 ad
891 4072 956 4118 nos
990 4058 1174 4118 venerunt
1228 4049 1403 4120 damnatis
1426 4048 1557 4117 iudicio
1580 4042 1771 4118 catholicae
1793 4046 1969 4119 Ecclesiae
1991 4050 2125 4126 Christi
2147 4065 2212 4133 ab.

287 2805 332 2873 Ut
353 2811 431 2892 gerit
454 2827 599 2890 agrorum
624 2807 762 2866 leoteutie
788 2822 913 2884 corpora
938 2812 1038 2882 pastor

339 2906 377 2975 ln
401 2914 533 2993 gremio,
561 2928 638 2992 quae
664 2920 733 2968 sunt
754 2905 833 2978 edite
858 2916 959 2966 ventre
986 2924 1104 2964 recens:

287 3009 341 3079 Sis
365 3008 450 3074 Deus
471 3013 524 3074 hes
545 3013 622 3071 inter
648 3030 759 3092 poenes
782 3008 948 3090 mundique
973 3010 1086 3085 ruinas,

217 3094 231 3111 ⁸
339 3112 518 3178 Discentum
544 3124 646 3174 coetus
673 3112 812 3191 dogmata
837 3130 917 3171 saera
942 3108 1038 3173 l'oret.

193 4154 286 4229 Cum
314 4157 457 4248 legeris,
503 4156 697 4245 significato
730 4144 822 4220 mihi
859 4149 1032 4221 iudicium
1064 4161 1175 4218 tuum.
1228 4148 1385 4223 horrere.
1417 4150 1585 4219 Promisit
1601 4148 1704 4218 etiam
1724 4145 1780 4218 hic
1795 4146 2214 4235 „AndreosGothanus”

192 4256 273 4329 Hoc
287 4259 383 4347 scio,
407 4258 472 4328 tibi
488 4272 523 4329 et
537 4280 656 4327 socero
671 4269 732 4325 tuo
751 4265 889 4344 gratum
903 4255 990 4333 fore.
1040 4241 1177 4318 Land-
1228 4256 1267 4322 in
1282 4253 1441 4321 doctrina
1458 4251 1689 4319 constantiam
1707 4265 1737 4320 et
1755 4251 1791 4319 in
1806 4254 1921 4324 officio
1942 4257 2047 4326 fidem
2071 4273 2104 4329 et
2129 4266 2212 4334 dili·
2312 4294 2317 4303 ·

187 4358 344 4456 gravius
359 4361 541 4429 mandavit
559 4359 649 4443 suis,
674 4372 714 4426 ut
738 4357 766 4424 si
783 4378 852 4449 qua
873 4351 1041 4425 dissentio
1065 4350 1178 4419 orire·
1229 4353 1392 4443 gentiam.
1445 4350 1564 4438 Quare
1586 4351 1616 4418 ei
1639 4349 1735 4420 iuxta
1759 4355 1953 4424 doctrinam
1974 4355 2212 4448 Apostolicam

189 4476 250 4535 tur
269 4458 489 4559 Naopyrgi,
516 4461 598 4554 quia
621 4457 788 4542 nesciret,
815 4456 876 4548 qui
898 4451 1102 4542 eoventuri
1123 4474 1178 4519 es-
1228 4454 1371 4546 publico
1389 4453 1461 4522 ritu
1478 4466 1512 4520 et
1529 4450 1588 4540 pio
1610 4456 1893 4526 commendatum
1911 4472 1961 4528 est
1978 4462 2214 4539 ministerium

192 4580 292 4651 seut,
327 4588 402 4633 nou
437 4565 659 4652 seiungerent
693 4583 728 4628 se
757 4582 777 4627 a
811 4551 1013 4624 Scaenicis
1044 4552 1177 4640 legatis.
1230 4554 1381 4625 docendi
1409 4550 1596 4642 Evangelii
1628 4567 1661 4623 et
1690 4557 1960 4629 administrandi
1992 4561 2215 4641 Sacramenta

195 4662 291 4736 Bene
307 4667 403 4750 vale,
423 4679 458 4736 et
472 4665 634 4735 rescribe.
686 4656 753 4731 Die
770 4651 957 4729 [ohannis
972 4651 1180 4750 Baptistae,
1231 4658 1327 4725 iuxta
1357 4656 1587 4725 vocationem.
1645 4653 1737 4726 Cum
1760 4673 1876 4728 autem
1898 4658 2011 4731 Filius
2033 4662 2119 4751 Dei,
2154 4673 2216 4763 qui

196 4789 291 4837 anno
314 4762 424 4842 1554,
1232 4772 1284 4829 est
1307 4748 1413 4855 λόγος
1435 4757 1568 4827 aeterni
1585 4756 1717 4842 Patris,
1743 4785 1824 4829 vere
1846 4763 1890 4830 sit
1907 4763 2026 4832 efficax
2045 4760 2130 4839 'voce
2148 4774 2218 4841 mi.

1233 4858 1369 4931 nisterii
1385 4873 1418 4929 et
1432 4860 1549 4942 iaciat,
1574 4871 1614 4929 ut
1628 4859 1864 4929 ministerium
1879 4861 1925 4932 sit
1940 4865 2102 4954 salutare,
2128 4871 2220 4944 sicut

297 4969 352 5041 De
375 4971 580 5064 quaestione
604 4966 781 5054 coniugali
804 4965 1018 5055 respondent
1040 4956 1095 5044 hi,
1121 4958 1183 5051 qni
1235 4964 1493 5049 scriptumest:
1520 4959 1630 5032 Sedet
1654 4962 1698 5028 ad
1721 4963 1875 5029 dextram
1895 4968 2004 5053 patris
2020 4971 2111 5039 dona
2131 4974 2219 5044 dans

195 5086 280 5141 sunt
306 5074 344 5140 in
370 5072 596 5154 consistorio,
636 5070 698 5162 qui
722 5090 857 5134 mecum
885 5067 928 5132 de
954 5088 994 5135 eo
1019 5060 1183 5131 collocuti
1235 5061 1461 5146 hominibus,
1490 5054 1704 5150 Prophetas,
1735 5059 1942 5152 Apostolos,
1967 5065 2221 5159 Evangelistas‚

196 5188 289 5242 sunt.
341 5172 546 5243 Clarissimo
571 5170 704 5240 viroD.
722 5165 942 5238 Cancellario
968 5188 1087 5234 socero
1110 5176 1184 5240 tuo,
1235 5164 1398 5233 Pastores
1421 5174 1454 5230 et
1477 5160 1654 5232 Doctores.
1706 5155 1753 5230 Et
1777 5163 1866 5236 sicut
1887 5163 2062 5239 Dominus
2087 5172 2222 5266 inquit:

198 5289 233 5344 et
250 5275 352 5346 vobis
367 5276 532 5346 omnibus
546 5274 694 5343 salutem
715 5282 811 5361 opto.
1237 5260 1313 5354 Ego
1336 5286 1414 5332 sum
1437 5261 1539 5347 vitis,
1563 5283 1627 5329 vos
1652 5262 1823 5352 palmites.
1874 5268 1961 5341 Sine
1978 5293 2033 5336 me
2049 5267 2141 5342 nibil
2159 5302 2226 5368 po-

1238 5364 1335 5437 testis
1353 5365 1475 5438 lacere.
1527 5358 1685 5435 Oramus
1699 5390 1797 5454 eum,
1827 5382 1864 5439 ut
1880 5370 1969 5438 adsit
1985 5381 2017 5438 et
2033 5366 2140 5445 huius
2153 5379 2224 5449 iam

1557 5460 1642 5537 20*
