4776 6024
224 189 302 266 m
803 165 1240 250 EPISTOLARUM
1289 165 1507 251 ttnxn,
1558 164 1691 256 1864,
2180 171 2259 255 804

232 383 324 460 quae
347 379 450 429 verse
474 352 655 425 doctrinae
675 346 788 420 forms
807 360 842 420 et
856 345 1004 419 immota
1016 339 1219 417 testimonia
1268 342 1430 416 omnium
1454 354 1654 436 temporum
1674 338 1824 426 mundi,
1853 340 1941 417 inde
1961 362 2115 443 mqne‘e
2140 345 2260 440 prm

233 465 362 537 tradita
383 461 472 536 sint,
498 455 561 548 qui
584 450 726 523 refutati
747 451 819 540 sint
836 473 982 523 errores.
1033 446 1153 540 Atque
1169 444 1218 515 ita
1269 470 1389 516 rerum
1418 446 1615 528 creatione,
1646 468 1753 540 quam
1781 446 1904 518 recitat
1924 445 2100 520 Historia
2129 451 2260 524 tradita

234 591 272 639 se
296 570 521 656 praeparent,
548 569 588 625 ut
611 553 764 642 cogitent
779 550 982 644 Principem
996 548 1093 640 pium
1111 568 1219 638 opor-
1269 546 1467 631 Ecclesiae,
1502 569 1616 641 usque
1646 548 1693 617 ad
1725 543 1819 618 banc
1841 561 2001 622 nostram
2024 563 2193 639 sentem,
2224 560 2261 626 'et

234 681 307 738 tere
331 654 488 732 Iudicem
513 679 586 726 esse
601 668 779 725 tantarum
795 678 934 735 rerum,
966 652 1049 744 quia
1068 645 1221 719 subinde
1270 648 1483 718 conserenda
1500 661 1583 719 sunt
1599 643 1706 719 buius
1719 648 1842 721 setatis
1856 652 2050 723 certamina
2067 652 2113 722 sd
2126 666 2260 732 vetera,

230 764 426 839 certamina
441 760 581 851 piorum
597 756 726 825 similia
741 766 940 826 moventur.
976 751 1058 821 ldeo
1074 762 1107 818 et
1122 746 1220 820 Deus
1270 747 1537 820 Consideranda
1558 762 1610 820 est
1630 750 1736 821 etiam
1757 752 1866 824 series
1882 748 2199 848 Monarchiarum,
2222 767 2262 829 et

233 864 407 962 praecipit
421 858 534 930 Dent.
556 856 614 929 17.
630 871 670 926 ut
684 853 761 927 ltu
776 856 868 944 legat
882 853 1024 923 divinos
1040 850 1162 934 libros,
1186 861 1221 918 et
1270 850 1500 940 cogitandum
1532 848 1578 921 de
1603 851 1770 941 periculis
1795 848 1903 924 buius
1926 853 2075 927 ultimae
2100 869 2260 935 senectae

235 970 287 1040 eis
299 967 536 1055 obtemperet,
561 972 596 1028 et
608 960 654 1028 sit
666 970 782 1026 custos
798 957 873 1025 eius
890 952 1092 1036 doctrinae,
1115 972 1161 1018 ne
1175 949 1220 1018 ab
1271 951 1421 1036 mundi,
1445 950 1485 1020 in
1500 975 1570 1045 qua
1583 973 1664 1022 cum
1681 967 1840 1026 crescant
1854 954 2099 1046 confusiones,
2122 956 2260 1029 maiore

233 1070 311 1143 ullo
332 1078 507 1146 mutetur,
535 1082 625 1129 neve
646 1057 864 1146 corruptelae
886 1054 1112 1123 misceantur.
1173 1045 1222 1120 Et
1272 1075 1355 1122 cura
1371 1049 1556 1144 Principes
1576 1052 1625 1124 ita
1648 1052 1792 1126 foveant
1806 1051 2001 1145 Ecclesias,
2023 1071 2067 1130 ut
2082 1060 2260 1152 adposte-

235 1161 372 1242 Darid
398 1163 593 1234 moriturus
622 1156 842 1228 severissime
862 1155 936 1225 lilio
958 1151 1150 1246 praecipit,
1180 1162 1222 1221 ut
1272 1176 1331 1223 ros
1351 1166 1627 1236 conserventur,
1653 1177 1701 1224 ne
1720 1156 1807 1225 tales
1829 1157 1995 1229 tenebrae
2006 1159 2258 1254 sequanturin

233 1269 340 1360 Legis
355 1266 496 1337 divinae
511 1273 628 1332 custos
643 1258 700 1329 sit.
1272 1249 1328 1325 hig
1348 1252 1571 1344 regionibus,
1596 1255 1718 1347 quale,
1738 1279 1835 1327 ,mne
1857 1271 1943 1330 mn,
1961 1259 2002 1331 in
2015 1283 2144 1352 mam
2159 1275 2260 1354 pm

338 1354 495 1458 Legendi
517 1374 600 1431 sunt
621 1361 732 1449 igitur
755 1355 839 1426 libri
856 1349 1058 1447 Prophetici
1075 1365 1109 1424 et
1121 1347 1224 1444 Apo-
1273 1355 1370 1425 orbis
1388 1367 1583 1441 terrarum,
1606 1354 1647 1423 in
1663 1351 1778 1438 Asia,
1802 1355 1960 1456 Africa,
1984 1374 2020 1431 et
2036 1362 2160 1435 multis
2170 1359 2261 1434 Eu.

237 1462 376 1549 stolici,
420 1479 456 1536 et
488 1462 729 1551 cognoscenda
762 1469 813 1527 est
845 1453 1021 1529 Ecclesiae
1048 1452 1223 1540 Historia,
1274 1475 1384 1552 ropac
1406 1455 1577 1547 partibus.
1627 1454 1853 1528 Distribuant
1873 1460 1979 1548 etiam
1994 1459 2172 1535 Historia,
2193 1487 2260 1535 ng.

236 1576 412 1667 quantum
441 1562 604 1653 cognosci
627 1573 760 1650 potest,
796 1558 961 1626 discenda
985 1571 1019 1628 et
1041 1554 1223 1650 Symbola,
1273 1557 1450 1647 gotiorum
1482 1556 1643 1626 civilium
1676 1558 1716 1626 in
1746 1555 1914 1652 Decalogi
1940 1564 2119 1647 membra,
2154 1580 2192 1637 et
2218 1566 2259 1636 in

235 1668 513 1747 considerandae
546 1662 768 1750 singulorum
794 1657 992 1726 seculonrm
1016 1670 1221 1725 controver-
1274 1657 1424 1746 singulis
1455 1656 1698 1745 considerent,
1728 1684 1818 1752 quae
1848 1662 1940 1733 lacta
1972 1662 2044 1735 sint
2073 1664 2260 1752 imitanda,

235 1776 308 1846 siae
331 1784 367 1841 et
391 1766 520 1839 iudicia
545 1763 699 1855 piorum.
748 1755 796 1829 Et
819 1759 902 1849 quia
928 1755 1025 1827 Deus
1047 1757 1125 1826 vult
1149 1780 1222 1825 esse
1274 1782 1362 1852 quae
1376 1757 1562 1848 fugienda,
1586 1759 1649 1829 ubi
1667 1761 1867 1833 testimonia
1886 1765 2100 1836 mandentur
2112 1766 2258 1838 divinae

102 1952 109 1958 .
235 1870 472 1944 ministerium
488 1862 640 1935 docendi
656 1861 695 1928 in
711 1855 889 1942 Ecclesia,
914 1872 954 1928 ut
970 1859 1127 1927 iuniores
1141 1880 1224 1927 eru-
1274 1859 1538 1951 providentiae,
1564 1882 1698 1950 poenae
1712 1874 1746 1932 et
1762 1860 2009 1952 liberationes,
2031 1865 2095 1937 ubi
2107 1868 2257 1941 consilia

235 1975 381 2044 disntur
396 1987 558 2041 sermone
574 1972 775 2031 sanctorum
788 1959 974 2039 librorum,
999 1959 1088 2028 etde
1104 1981 1220 2026 rerum
1273 1960 1540 2051 gubernationis
1567 1975 1814 2053 proponantur
1841 1965 1881 2036 in
1902 1966 2081 2057 fugiendis
2100 1968 2260 2046 dissimi-

235 2074 383 2157 ordine,
409 2067 585 2159 sapienter
608 2062 788 2150 eligendae
800 2059 1034 2150 suntaliquae
1049 2059 1222 2149 interpre-
1274 2061 1362 2130 lium
1386 2061 1607 2141 foederibus,
1637 2065 1676 2132 in
1697 2063 1854 2137 vitandis
1875 2067 1980 2139 bellis
2002 2091 2077 2137 non
2099 2093 2258 2142 necessa.

234 2176 386 2247 utiones
407 2168 593 2263 propiores
612 2163 792 2246 fontibus,
817 2183 908 2255 quae
933 2160 971 2227 in
988 2159 1144 2228 materiis
1157 2159 1224 2227 ob-
1274 2162 1357 2247 riis,
1386 2161 1426 2229 in
1450 2162 1611 2232 arcendis
1632 2164 1826 2237 seminibus
1848 2168 2125 2259 perniciosarum
2140 2178 2257 2255 muts·

235 2279 349 2348 secaris
373 2272 545 2342 adiuvent
565 2267 755 2354 legentem,
786 2275 822 2333 et
842 2283 996 2332 summas
1018 2283 1138 2329 rerum
1161 2284 1222 2331 or
1274 2264 1434 2352 tionum,
1461 2262 1500 2331 in
1515 2261 1699 2335 retinenda
1715 2266 1967 2339 coniunctione
1978 2294 2059 2341 cum
2074 2270 2256 2345 ordinario

236 2377 325 2449 dine
338 2382 548 2444 ῐῦῡῦδῑῑθῦῑ·
1274 2363 1441 2447 domino,
1468 2387 1548 2434 cum
1573 2363 1718 2452 vicinis,
1741 2379 1778 2438 et
1795 2369 1962 2459 fugienda
1976 2370 2142 2445 societate
2156 2397 2258 2467 pers-

338 2475 485 2545 Necesse
511 2483 563 2540 est
589 2467 698 2558 igitur
719 2478 813 2537 recte
833 2463 966 2533 discere
990 2455 1224 2532 Grammati-
1274 2465 1477 2556 grinorum,
1507 2464 1571 2557 qui
1596 2477 1734 2537 tantum
1755 2467 1836 2540 ideo
1857 2469 2026 2545 simulant
2046 2472 2260 2548 se'eoniun.

236 2602 317 2664 sen,
343 2569 584 2655 Dialecticen,
610 2583 645 2638 et
654 2565 843 2637 Elementa
854 2557 1081 2636 Rhetoricis.
1131 2561 1221 2633 Nam
1275 2567 1427 2637 ctionem
1457 2589 1536 2635 cnm
1567 2559 1801 2639 Germanicis
1829 2568 2054 2664 Principibus
2084 2576 2261 2668 adpetere,

235 2681 312 2751 sine
331 2673 388 2746 bis
410 2674 545 2745 artibus
568 2675 614 2742 de
630 2692 757 2758 genere
770 2667 960 2749 sennonis,
985 2681 1019 2735 et
1036 2667 1079 2734 de
1095 2665 1224 2733 diffici-
1275 2668 1358 2761 qnia
1389 2665 1589 2736 existimant
1615 2668 1685 2738 sibi
1707 2670 1795 2743 utile
1817 2695 1890 2742 esse
1914 2666 2159 2746 Germaniam
2182 2692 2258 2749 tur·

235 2782 330 2851 libus
354 2774 602 2847 controversiis
627 2795 732 2839 nemo
759 2768 914 2840 iudicare
936 2780 1060 2858 potest.
1113 2763 1160 2835 Et
1184 2778 1223 2834 ut
1276 2771 1370 2838 bare.
1402 2765 1494 2838 Cum
1505 2766 1544 2835 in
1560 2761 1617 2837 bis
1632 2770 1814 2853 doctrinis,
1837 2775 1882 2843 de
1896 2774 2027 2869 quibus
2041 2777 2127 2863 dixi,
2152 2777 2259 2851 Prin.

189 2871 192 2876 ⁴
234 2877 302 2953 bae
337 2893 429 2948 artes
462 2874 726 2963 intelligantur,
767 2871 959 2938 exercendo
993 2880 1045 2936 est
1077 2857 1223 2934 Latina
1276 2891 1355 2959 ceps
1376 2890 1415 2936 se
1439 2867 1664 2941 mediocriter
1679 2874 1894 2960 exercuerit,
1918 2877 2023 2946 valde
2044 2883 2187 2970 prodest
2201 2881 2260 2952 di.

235 2982 378 3071 lingna,
403 2991 439 3046 et
455 2976 640 3044 formanda
659 2973 751 3063 stylo
766 2971 892 3042 oratio.
942 2967 1010 3037 Hic
1023 2969 1127 3037 labor
1142 2967 1174 3034 ei
1190 2980 1225 3035 et
1275 2992 1370 3038 scere
1393 2990 1496 3055 cum,
1526 2982 1561 3040 et
1584 2971 1688 3044 initia
1707 2974 1892 3046 doctrinae
1914 2976 2261 3069 iurisconsultorum,

235 3079 451 3152 necessarius
473 3089 545 3153 est,
571 3073 653 3165 quia
672 3071 855 3160 Principes
873 3092 973 3157 saepe
991 3090 1072 3136 cum
1089 3079 1223 3135 extera-
1275 3082 1316 3140 ut
1336 3068 1421 3138 sciat
1447 3068 1751 3145 iustitiameertas
1771 3098 1914 3146 normas
1936 3072 2082 3170 babere,
2108 3107 2260 3176 quarum

234 3205 315 3254 rum
339 3178 497 3269 gentium
520 3171 727 3242 lronrinibus
749 3170 875 3240 arcana
899 3168 1077 3261 colloquia
1093 3162 1224 3237 babere
1274 3171 1356 3241 fons
1377 3167 1659 3261 estDecalognr,
1692 3187 1726 3246 et
1752 3177 1881 3247 deinde
1902 3201 1945 3250 α
1964 3203 2006 3250 00
2030 3182 2259 3254 domim-14

235 3282 374 3375 oportet
401 3280 445 3347 de
467 3275 615 3348 summis
638 3274 765 3369 rebus,
803 3270 866 3341 ubi
892 3269 1034 3358 linguae
1056 3261 1225 3336 Latinae
1276 3294 1358 3361 gum
1374 3282 1529 3340 extructa
1547 3288 1616 3343 est:
1641 3287 1677 3346 et
1692 3276 1876 3349 eximenda
1891 3293 1945 3352 est
1958 3282 2150 3374 pernicio„
2165 3286 2259 3356 ima.

234 3406 319 3454 usns
352 3377 567 3450 necessarius
594 3387 657 3446 est.
694 3371 761 3441 ·ln
788 3385 965 3440 conventu
992 3362 1224 3453 Coloniensi,
1275 3371 1430 3462 ginatjo,
1459 3395 1551 3465 quae
1581 3375 1701 3466 fingit,
1732 3377 1825 3466 leges
1853 3402 1929 3450 esse
1953 3394 2133 3474 potentum
2157 3387 2258 3456 asts„
2291 3447 2295 3453 ,

236 3497 423 3576 postquam
438 3469 602 3550 Carolus
620 3486 810 3544 coronatus
824 3485 909 3554 erat,
935 3472 1018 3540 Dux
1030 3464 1225 3540 Saxoniae
1275 3474 1363 3552 tria,
1384 3471 1461 3540 sine
1479 3473 1581 3544 metis
1595 3476 1740 3562 divinis,
1760 3479 1893 3551 antius
1908 3503 1982 3553 esse
1996 3483 2162 3577 quicquid
2177 3486 2257 3578 pla-

233 3578 469 3664 Fridericus,
509 3579 609 3647 cuius
646 3588 733 3645 tunc
766 3595 905 3642 summa
938 3584 1012 3641 erat
1044 3571 1224 3653 autoritas,
1276 3587 1329 3644 cet
1343 3571 1589 3664 Principibus,
1620 3590 1683 3649 aut
1706 3575 1865 3651 Iustitiae
1888 3584 2052 3655 ordinem
2071 3585 2260 3679 intelligis

233 3709 336 3777 saepe
351 3682 488 3752 areanis
504 3675 820 3747 deliberationibus
834 3671 1012 3753 intererat,
1039 3673 1101 3741 ubi
1117 3672 1225 3741 Prin·
1276 3674 1436 3769 quolibet
1448 3675 1526 3744 sine
1541 3678 1702 3750 doctriua
1717 3695 1752 3752 et
1766 3680 1842 3752 sine
1856 3677 1912 3753 bis
1924 3686 2105 3772 fontibus,
2123 3714 2164 3758 ex
2179 3692 2261 3784 qui,

234 3787 329 3878 cipes
354 3796 492 3854 tantum
504 3773 647 3847 Latine
668 3776 973 3866 colloquebantur.
1024 3771 1224 3865 Aliquoties
1277 3778 1343 3846 bus
1375 3775 1468 3865 leges
1499 3777 1678 3850 oriuntur.
1735 3776 1886 3855 Prodest
1910 3785 2019 3875 igitur
2043 3784 2263 3881 Decalogum

233 3888 343 3979 igitur
374 3888 520 3953 domum
555 3901 733 3956 reversus,
769 3870 978 3944 hortabatur
1003 3870 1159 3944 Comites
1190 3886 1225 3944 et
1276 3877 1451 3966 sapienter
1471 3879 1629 3949 enarrari
1650 3877 1830 3974 Principi,
1867 3898 1904 3955 et
1929 3880 2013 3958 binc
2037 3889 2120 3959 duci
2143 3892 2261 3982 legum

233 3990 322 4060 alios
340 3986 477 4055 nobiles
495 3982 608 4056 viros,
629 3989 852 4068 utncurarent
867 3974 959 4042 filios
976 3975 1095 4042 doceri
1111 3967 1225 4044 Lati-
1276 3977 1615 4064 demonstrationes,
1654 3995 1690 4051 et
1724 3983 1834 4053 inseri
1865 3984 1995 4056 animis
2020 3983 2112 4059 hanc
2139 4017 2261 4068 veram

233 4113 323 4159 nam
344 4087 522 4174 linguam,
549 4081 631 4175 quia
651 4102 735 4148 usus
758 4077 834 4146 eius
848 4077 886 4144 in
903 4073 1119 4163 gravissimis
1135 4074 1225 4144 ‹leli-
1276 4077 1506 4163 sententiam
1538 4077 1713 4151 Iustitiam
1736 4078 1866 4156 habere
1886 4099 1997 4158 metas
2011 4089 2186 4163 divinitus
2201 4120 2262 4165 or-

233 4188 477 4260 berationibus
496 4182 711 4252 necessarius
732 4191 832 4249 esset.
875 4175 1013 4245 Multae
1029 4176 1133 4246 etiarn
1151 4174 1226 4244 dis-
1276 4180 1436 4261 dinatas,
1474 4190 1508 4246 et
1533 4175 1650 4251 Deum
1677 4184 1857 4256 vindicem
1883 4209 1957 4258 esse
1982 4192 2150 4264 audaciae
2175 4219 2261 4266 eon-

233 4288 435 4380 putationes
466 4281 732 4353 Ecclesiasticae
765 4293 800 4349 et
830 4278 916 4346 olim
950 4277 1097 4367 scriptae
1129 4288 1225 4361 sunt,
1278 4278 1465 4350 temnentis
1479 4279 1558 4350 illas
1573 4296 1694 4352 metas.
1746 4284 2032 4382 Sicutscriptum
2049 4308 2100 4364 eet
2117 4290 2264 4367 Esaia,

233 4406 267 4463 et
290 4388 497 4462 scribuntur
518 4383 698 4474 quotidie,
725 4404 876 4474 quarum
898 4378 1069 4469 plurimas
1084 4376 1225 4447 Princi·
1280 4381 1339 4452 10.
1363 4375 1408 4453 V
1401 4402 1445 4447 ae
1468 4373 1549 4467 his,
1574 4383 1642 4480 qui
1661 4379 1822 4456 condunt
1843 4382 1940 4482 leges
1959 4386 2018 4461 im·
2043 4418 2130 4481 uas,
2155 4405 2188 4466 et
2202 4394 2263 4464 in.

233 4515 295 4585 pes
319 4491 408 4560 scire
433 4507 570 4554 necesse
599 4496 660 4551 cst.
721 4481 794 4550 Nec
817 4479 990 4549 Forenses
1020 4492 1225 4549 controver-
1278 4481 1376 4552 iusta
1401 4475 1565 4568 decreta,
1597 4493 1636 4553 ut
1659 4484 1870 4582 opprimant
1901 4487 1942 4559 in
1966 4415 2104 4564 iuriitio
2121 4520 2262 4594 paupe-

232 4594 301 4662 sias
326 4590 401 4658 sine
425 4588 546 4673 lingua
567 4576 714 4651 Latina
736 4582 932 4670 intelligere
950 4595 1113 4671 possunt,
1140 4603 1226 4674 quas
1278 4606 1362 4655 rem.
1400 4577 1453 4651 Ac
1467 4585 1580 4654 bonae
1594 4588 1704 4656 menti
1718 4590 1821 4658 valde
1838 4590 1926 4662 utile
1941 4606 1992 4663 est
2007 4608 2040 4664 ct
2054 4597 2263 4678 iucundum,

232 4718 314 4764 curn
336 4691 493 4759 iudicare
522 4687 692 4766 debeant,
718 4684 874 4771 linguam
900 4682 988 4751 scire
1011 4703 1149 4751 necesse
1163 4695 1225 4754 est.
1278 4684 1474 4770 intelligere
1496 4686 1574 4754 illas
1599 4686 1756 4757 Iustitiae
1778 4703 1907 4777 metas,
1940 4708 1973 4765 et
1995 4719 2182 4785 agnoscere
2202 4721 2259 4768 ως

234 4795 354 4884 Quare
378 4790 547 4876 Princeps
582 4787 723 4873 linguae
758 4779 926 4852 Latinae
958 4783 1117 4850 studium
1151 4806 1224 4850 non
1277 4808 1349 4854 esse
1372 4781 1440 4852 Dei
1462 4786 1671 4876 sapientiam
1695 4803 1729 4859 et
1753 4791 1942 4878 iustitiam,
1983 4811 2017 4867 et
2040 4799 2259 4868 considerare

231 4895 382 4967 omittet.
447 4890 584 4957 Vellem
606 4901 722 4957 autern
747 4900 781 4953 et
806 4877 944 4964 Graece
973 4905 1053 4950 curn
1085 4894 1223 4950 tantum
1278 4884 1508 4978 praesentiam
1526 4882 1613 4971 Dei,
1640 4890 2234 4985 etiaminpoliticagubernatione.

231 5000 388 5076 discere,
418 5007 457 5060 ut
475 4989 652 5060 Historias
672 4980 836 5055 Graecas
854 4997 887 5051 et
905 4983 990 5050 novi
1007 4980 1226 5052 Testamenti
1379 4983 1475 5055 Utile
1498 4987 1566 5055 erit
1588 4990 1631 5056 ad
1656 4983 1748 5061 hanc
1762 4993 2024 5067 insfitufionem
2038 5001 2172 5068 ,radere
2188 5001 2262 5068 elo·

229 5101 348 5168 fontes
364 5093 560 5178 intelligere
575 5103 702 5181 posset.
756 5084 813 5157 Ad
829 5081 1049 5153 haecomnia
1066 5106 1227 5153 necessa·
1277 5097 1394 5153 menta
1411 5081 1564 5158 Ethica.
1617 5087 1727 5163 Mane
1750 5095 1911 5186 quotidie
1930 5099 2066 5188 legatur
2089 5109 2199 5197 capul
2224 5099 2263 5170 in

231 5201 285 5268 ria
304 5213 339 5268 et
359 5192 552 5266 Historiae
568 5190 741 5279 cognitio,
765 5211 833 5280 qua
851 5186 888 5255 in
905 5211 943 5256 re
958 5186 1112 5277 primurn
1130 5209 1226 5255 com·
1284 5183 1324 5258 V
1321 5183 1409 5255 aseri
1429 5196 1643 5260 testamento
1664 5206 1699 5263 et
1715 5186 1893 5264 Ps'almus
1907 5200 2052 5286 ordine,
2079 5214 2114 5271 et
2128 5204 2265 5272 addan-

233 5301 342 5392 plccti
370 5320 490 5368 omnes
509 5288 672 5361 homines
690 5314 764 5357 non
783 5289 931 5359 stolidos
946 5299 1087 5380 oportet
1100 5287 1227 5358 scriem
1280 5305 1338 5361 tur
1360 5290 1521 5395 precatio
1543 5285 1601 5360 ad
1609 5285 1753 5380 Deum,
1778 5309 1813 5367 et
1829 5296 2043 5389 gratiarum
2061 5302 2174 5376 actim
2202 5328 2268 5374 nec
