4734 6016
174 200 264 285 92'5·
507 222 510 227 ’
739 198 1169 283 Ettsrotttturt
1217 198 1442 295 Ulixll,
1494 198 1627 282 teos.
1708 226 1716 241 ·
2126 202 2202 278 926

174 384 213 454 in
246 377 433 471 Evangelii
466 381 610 473 proprie
647 380 767 473 patefit
806 390 1008 473 peccatum,
1067 378 1166 473 quod
1214 378 1410 471 apostolico
1426 390 1461 450 et
1475 374 1633 463 Niceno,
1658 389 1692 448 et
1709 374 1996 468 congruentibus.
2035 372 2200 458 Memini,
2254 444 2267 454 ,
2297 374 2310 387 ’

175 486 332 555 mundus
347 483 507 573 ignorat,
529 497 563 554 ct
577 483 771 554 contemnit
787 483 900 552 lilium
913 479 1005 566 Dei,
1026 494 1064 551 ct
1076 477 1166 551 scri—
1214 480 1372 552 Flacium
1386 495 1468 552 ante
1484 504 1599 551 annos
1611 480 1746 574 aliquot
1761 473 2020 569 reprehendere
2027 475 2199 575 sormam

177 599 276 680 ptum
299 598 369 655 est:
401 581 557 680 spiritus
589 593 720 677 arguet
743 576 920 653 muudum
946 576 990 653 dc
1009 590 1164 679 peccato,
1213 589 1361 652 nostroe
1392 578 1653 653 invocationis:
1690 630 1713 665 ‚,
1722 579 1949 676 omnipotens
1978 573 2103 665 Deus,
2136 602 2198 649 ae-

176 680 278 785 quod
290 708 366 755 non
382 681 531 755 credunt
548 683 588 754 in
606 708 672 758 mc.
723 682 910 776 Exponam
926 698 960 754 et
977 684 1064 753 alias
1080 708 1163 754 cau·
1212 692 1310 755 terne
1324 677 1438 755 Pater
1450 680 1614 753 Domini
1633 681 1755 752 nostri
1767 678 1854 751 Iesu
1870 674 2019 753 Christi
2025 734 2036 764 ,
2057 691 2198 751 creator

175 810 249 870 sas,
273 812 353 874 cum
370 786 492 860 videro
509 810 714 870 censuram,
739 810 830 879 quae
846 808 960 868 nuuc,
984 799 1025 856 ut
1040 786 1163 868 audio,
1211 809 1290 856 cum
1300 782 1407 857 Filio
1422 794 1485 857 tuo
1502 793 1689 855 coaeterno
1704 791 1736 852 ct
1744 781 1890 880 Spiritu
1903 782 2069 852 soucto.”
2121 782 2194 853 Mi·

176 888 331 961 cuditur.
371 888 562 981 Sequentia
584 888 622 958 iu
639 903 698 959 tue
715 887 1163 979 epistolaautironiaeaut
1211 891 1335 976 rabac,
1360 914 1424 960 cur
1443 883 1736 981 reprehenderet,
1770 909 1835 954 nec
1859 898 1975 956 tamen
2000 885 2195 977 quidquam

168 990 326 1073 insidiae
351 1002 445 1060 sunt.
496 989 584 1060 Nam
608 991 829 1078 diogenus,
854 987 1162 1079 utinteramicos,
1212 991 1294 1060 mali
1310 990 1506 1081 suspicatus
1521 1014 1611 1065 sum.
1662 987 1767 1058 Nunc
1784 988 1905 1072 video,
1929 1008 2016 1079 quas
2036 987 2196 1078 disputa·

175 1090 376 1160 dissertatio
402 1106 507 1176 esset,
546 1115 620 1160 uon
643 1091 851 1181 praeterires
874 1090 1030 1181 primum
1056 1103 1160 1181 caput
1209 1093 1323 1163 tiones
1345 1106 1496 1165 moveat.
1554 1090 1636 1162 Non
1666 1088 1773 1180 genui
1798 1111 1889 1159 nova
1918 1090 2101 1177 dogmata,
2132 1090 2196 1157 sed

176 1188 368 1275 Iohannis,
392 1195 488 1285 quod
510 1192 575 1261 tibi
597 1215 670 1261 non
688 1191 850 1280 ignotum
865 1203 927 1262 est.
978 1187 1027 1261 Et
1042 1203 1160 1260 tamen
1209 1210 1433 1265 communem
1467 1195 1666 1263 doctrinam
1701 1186 1827 1260 harum
1861 1187 2121 1274 Ecclesiam,
2154 1202 2195 1259 ut

174 1293 280 1363 dicis:
321 1316 496 1386 nusquam
520 1293 727 1362 nominatur
746 1291 841 1360 filius
863 1284 990 1388 λόγος,
1022 1291 1092 1360 niti
1121 1293 1159 1360 in
1208 1297 1326 1386 potui,
1353 1296 1511 1388 congessi
1524 1297 1561 1364 in
1579 1318 1692 1365 unum
1709 1314 1854 1383 corpus,
1869 1306 1910 1362 ut
1922 1291 2080 1361 iuniores
2095 1314 2194 1360 sum·

174 1392 390 1488 Apocalypsi
412 1396 512 1477 cuius
526 1393 772 1464 auctoritatem
790 1391 926 1465 ahiieis.
965 1392 1159 1483 Neciguo·
1209 1421 1301 1468 mem
1316 1422 1435 1469 rerum
1459 1397 1643 1489 complecti
1662 1407 1816 1488 possent.
1868 1392 2052 1482 Quaedam
2073 1391 2194 1461 minere

174 1517 232 1564 ras
249 1494 391 1564 initium
404 1494 549 1583 primae
566 1494 734 1584 epistolae
749 1488 934 1565 Iohannis.
988 1490 1060 1578 Ac,
1086 1495 1159 1563 dis·
1208 1495 1353 1569 horride
1377 1498 1524 1569 recitavi
1554 1509 1700 1590 propter
1721 1497 1962 1575 iuventutem,
1994 1509 2029 1563 ct
2053 1515 2193 1583 semper

175 1597 272 1666 cerni
288 1596 324 1662 iu
340 1593 495 1664 Ecclesia
510 1587 624 1691 λόγον
638 1586 1028 1687 ὑφιστάμενονεινοοε
1045 1610 1158 1664 creata
1208 1624 1263 1669 me
1293 1599 1424 1672 iudicio
1449 1596 1628 1668 Ecclesiae
1655 1596 1798 1666 subieci.
1857 1593 1988 1679 Vides,
2017 1606 2192 1686 quantum

175 1711 420 1781 evanescente,
450 1695 556 1766 nosti.
612 1694 694 1766 Scio
719 1710 853 1780 autem,
893 1695 1005 1765 multa
1034 1706 1157 1766 contra
1206 1702 1338 1770 nostris
1361 1723 1451 1788 opus
1474 1700 1521 1770 sit
1544 1696 1753 1781 concordia,
1776 1718 1885 1789 quare
1909 1695 2065 1766 etiamsi
2091 1719 2194 1787 quae,

175 1812 208 1866 ⁰¹
231 1797 406 1886 ditl>Iutta
428 1819 503 1865 0⁸⁵⁸
526 1795 633 1880 05¹⁰,
667 1810 701 1867 θῐ
730 1792 799 1867 1¹⁰⁶
827 1810 986 1887 tempore
1013 1797 1157 1868 moveri·
1205 1815 1245 1873 ut
1259 1802 1333 1873 fieri
1347 1802 1451 1871 aliter
1466 1800 1505 1868 in
1520 1794 1585 1868 hac
1599 1796 1841 1870 imbecillitate
1855 1810 2001 1866 naturae
2022 1819 2094 1863 non
2112 1811 2191 1884 pot-

170 1896 245 1969 Nec
267 1921 344 1967 sum
369 1899 456 1966 adeo
481 1897 582 1968 rudis
606 1893 854 1982 historiarum,
880 1898 1156 1968 utSamosateui
1206 1918 1277 1987 est,
1316 1902 1553 1972 dissensiones
1588 1900 1804 1978 inciderent,
1844 1897 1902 1987 pia
1936 1895 2190 1965 diiudicatioue

173 2012 207 2068 et
221 1999 588 2095 aliorumlcertamiua
614 1998 789 2083 nescium,
814 2022 879 2068 nec
894 2000 983 2067 adeo
1007 1999 1157 2068 stolidus
1205 2017 1324 2073 nostra
1357 2003 1506 2071 vulnera
1535 2001 1691 2070 sananda
1727 2010 1839 2066 eraut.
1898 1994 2001 2066 Nunc
2036 2010 2191 2067 certatur

172 2122 272 2183 ΝΜ,
296 2113 336 2170 ut
352 2094 440 2167 “¹th
456 2100 577 2170 nullae
590 2095 857 2196 πιθανολογίαι
873 2099 910 2166 in
928 2110 1082 2167 mentem
1097 2122 1157 2166 ve-
1205 2104 1314 2190 odiis,
1328 2118 1362 2175 et
1375 2103 1589 2174 factionibus
1603 2101 1799 2170 incitentur
1814 2111 1936 2168 contra
1954 2121 2021 2167 nos
2038 2112 2072 2169 et
2089 2099 2189 2189 prin-

172 2202 288 2273 niant.
345 2200 416 2269 Sed
451 2203 586 2271 retineo
615 2201 874 2268 invocationem
909 2199 976 2267 filii
1006 2195 1092 2283 Dei,
1124 2211 1158 2268 et
1204 2205 1297 2296 cipes
1321 2220 1355 2277 et
1376 2205 1530 2297 populus
1548 2202 1692 2272 saevitia
1716 2201 1942 2292 scriptorum.
1989 2197 2189 2269 Lacerora

172 2324 274 2390 saepe
302 2322 460 2387 expresse
489 2300 686 2370 Servetiees
719 2301 856 2368 sereres
883 2298 1046 2372 refutavi,
1096 2295 1156 2378 At,
1204 2304 1418 2386 Pontificiis,
1439 2301 1964 2377 etrecensconuametibmm
1979 2297 2189 2370 ediditSta-

172 2400 308 2492 inquis,
333 2400 533 2469 confirmari
549 2399 836 2469 Stenckleldiana
850 2400 995 2485 delicia,
1014 2402 1044 2470 si
1064 2399 1157 2469 tilius
1201 2390 1354 2504 phylace,
1403 2408 1512 2479 Multi
1531 2406 1694 2491 fanatici,
1711 2399 1900 2486 Servatus,
1914 2395 2187 2492 Stenclrseldiees

170 2505 310 2571 dicatur
351 2493 470 2598 λόγος.
527 2498 605 2590 Ego
640 2500 823 2591 perspicue
859 2503 1011 2571 refutare
1054 2478 1155 2591 dissic
1203 2524 1237 2581 et
1253 2510 1313 2581 atii
1329 2523 1452 2581 conus
1464 2533 1521 2578 me
1537 2506 1666 2578 attrecta
1683 2504 2022 2597 scriptaectidemnt.
2050 2499 2188 2573 Interea

170 2594 457 2676 Stenckielcliana
473 2602 640 2687 adfirmo,
661 2603 766 2672 etitem
787 2602 864 2670 sine
882 2602 1156 2672 Samosatetticis
1203 2613 1390 2683 incurrunt
1413 2611 1450 2679 in
1475 2634 1530 2679 me
1552 2632 1626 2679 non
1655 2609 1776 2679 minus
1803 2605 1970 2677 atrociter
1990 2597 2186 2678 Floriani.

169 2719 206 2773 et
228 2703 415 2775 Serveticis
437 2703 590 2777 attxiliis.
650 2702 748 2790 Quid
786 2727 876 2793 opus
909 2717 981 2784 cst,
1025 2705 1156 2797 inquis,
1204 2711 1301 2784 {nter
1323 2708 1408 2783 haec
1428 2710 1581 2803 pericula
1604 2734 1661 2779 mc
1677 2709 1750 2781 lilio
1766 2707 1851 2788 Dei,
1878 2705 2034 2779 Douuno
2062 2718 2185 2776 nostro

172 2828 276 2874 rauca
301 2818 335 2875 et
358 2807 450 2873 blesa
475 2828 581 2887 voce,
613 2804 642 2872 si
673 2804 769 2873 filisu
799 2804 873 2893 ipse
899 2805 1156 2874 cotuionatur?
1203 2810 1847 2890 [esuChrictocommpn‹10,ereum
1869 2834 1953 2892 050,
1978 2820 2020 2879 ut
2042 2831 2099 2877 me
2119 2830 2187 2897 gu.

172 2905 249 2975 Huc
266 2908 361 2974 ltello
385 2907 809 2975 scommate·subsanuari
835 2931 910 2984 rue,
935 2902 999 2976 καὶ
1020 2907 1153 2977 ixdcc-
1201 2919 1343 3001 hemer,
1384 2930 1419 2987 et
1443 2917 1573 2995 σκεῦος
1597 2909 1720 2994 ἐλέους
1745 2911 1859 2984 faciat.
1920 2909 2002 2981 Scio
2031 2933 2086 2977 me
2111 2931 2185 2976 uon

170 3003 382 3101 wigftiiial,
402 3030 478 3075 noll
495 3007 757 3076 valderuoleste
775 3006 861 3077 icto.
897 3007 980 3077 Scin
996 3032 1052 3075 tlte
1072 3032 1155 3076 ratt-
1200 3040 1273 3088 esse
1296 3002 1580 3111 ἇγᾶμᾶρῖητογ,
1607 3039 1670 3084 nec
1692 3011 1870 3102 defugiam
1894 3011 2025 3082 iudicia
2045 3023 2186 3081 nostra.

171 3135 249 3177 rum
274 3123 306 3178 et
330 3110 467 3176 blesum
492 3131 574 3180 esse.
633 3108 702 3177 Sed
727 3103 791 3176 ltus
814 3110 919 3176 ludus
940 3109 1031 3178 iure
1057 3123 1151 3178 tanta
1200 3145 1278 3190 rum
1295 3116 1545 3190 Ecclesianun,
2181 3136 2185 3147 ·

171 3234 244 3277 uon
270 3211 480 3300 probaturus
502 3231 574 3278 esse
590 3209 686 3276 viros
709 3235 831 3299 graves
846 3210 1019 3294 arbitror,
1046 3223 1080 3280 et
1105 3230 1159 3295 te,
1299 3218 1395 3290 Haec
1409 3220 1453 3289 ad
1470 3218 1673 3310 epistolam,
1697 3238 1803 3309 quam
1816 3209 1906 3282 mihi
1928 3213 2074 3297 misisti,
2099 3213 2182 3281 ltre-

168 3311 300 3396 miror,
327 3306 388 3381 has
403 3310 563 3396 delicias,
589 3334 669 3381 cum
689 3313 731 3379 ad
752 3336 808 3380 me
824 3325 977 3381 veterem
999 3310 1152 3381 amicum
1199 3323 1290 3393 viter
1305 3323 1523 3412 respondeo,
1548 3335 1582 3391 et
1606 3332 1641 3387 te
1663 3341 1746 3398 oro,
1767 3328 1809 3385 ut
1831 3316 1878 3385 sis
1895 3309 2056 3384 hortator
2070 3326 2184 3383 caete·

169 3410 324 3495 scrtbu,
343 3436 470 3482 emere·
527 3408 669 3482 Dicitur
699 3411 743 3480 de
770 3412 986 3483 ministerio:
1022 3433 1069 3480 ec
1092 3435 1152 3481 ere
1198 3424 1248 3492 ru
1283 3426 1327 3494 ad
1362 3421 1520 3493 studium
1555 3419 1718 3514 publicae
1752 3414 2035 3509 tranquillitatis.
2086 3410 2184 3483 Bene

169 3510 456 3611 infantiumetc„
510 3509 607 3581 lneo
630 3512 829 3580 ministerio
855 3512 948 3581 lilius
972 3525 1076 3602 caput
1099 3527 1151 3583 est
1198 3525 1285 3601 vale,

167 3637 242 3684 uon
257 3613 430 3695 otiosum3
458 3633 524 3703 ego
538 3632 620 3680 sum
640 3609 744 3703 vitis,
769 3636 832 3682 vos
841 3608 1029 3710 palmites.
1070 3606 1150 3684 Nc-

167 3738 227 3784 mo
250 3711 349 3782 uovit
368 3721 511 3810 patrem
531 3705 751 3801 uisifiiius,
784 3721 816 3781 ct
842 3712 904 3805 cui
930 3708 1022 3781 volet
1035 3707 1150 3804 filius
1215 3722 1369 3733 ’”’“””“
1401 3723 1410 3731 ’

168 3814 335 3887 revelare.
386 3812 459 3884 Nec
474 3814 595 3883 reiicio
612 3810 805 3903 Augustini
827 3815 961 3886 dictum
988 3817 1032 3882 de
1058 3815 1148 3884 tuo:
1196 3796 1251 3916 lio
1279 3843 1393 3921 6134·
2022 3855 2035 3911 1
2047 3848 2080 3911 g,
2097 3840 2171 3905 ow,

166 3912 328 4015 quotidie
348 3914 509 3985 mittitur
528 3912 732 4011 rapientia,
760 3914 863 3984 utsii
885 3938 965 3986 cum
988 3908 1148 3988 dominc.
1200 3900 1412 3983 *Lm
2002 3931 2175 3996 7⁶⁹·-

166 4018 240 4089 Nec
261 4032 379 4090 tamen
401 4020 487 4088 iude
509 4018 798 4089 Sterrclrseldiaue
819 4031 1032 4113 sequuntur,
1059 4040 1148 4113 quse
1422 4010 1655 4099 Iuacitc‘mo
1679 4006 1952 4094 Andallt'tw.

165 4121 297 4191 tolluut
310 4134 493 4189 externum
510 4118 759 4193 ministerium.
1265 4159 1287 4228 q
1305 4156 1340 4210 g,
1353 4118 1508 4230 apographo
1527 4154 1555 4206 in
1571 4151 1634 4206 „g
1649 4148 1720 4204 opp
1739 4151 1775 4204 ῃ,
1794 4169 1821 4221 p.
1833 4146 1921 4204 χω»,

268 4219 450 4291 Postremo
468 4221 573 4288 dicis:
600 4219 629 4289 si
645 4218 857 4309 cogitatione
872 4220 1030 4291 nascitur
1043 4221 1147 4301 filins,

166 4335 270 4390 erunt
282 4320 572 4393 innumerabiles.
590 4320 1028 4393 Uuicusestfiliusaeterui
1039 4323 1146 4412 patris

164 4446 269 4515 quem
285 4424 891 4514 adfirmuutscriptaapostolicaessc
902 4419 1025 4495 electiva
1035 4436 1145 4493 aeter-

164 4525 203 4592 ni
221 4524 346 4614 patris,
367 4539 399 4593 et
411 4527 631 4617 χαρακτῆρα
644 4517 893 4603 ὑποστάσεως.
934 4524 1009 4593 llas
1025 4525 1144 4615 appel-

165 4624 315 4695 lationes
339 4638 412 4695 tota
444 4637 599 4695 vetustas
626 4623 898 4715 iuterpretatur,
932 4625 1034 4697 ut-iu
1060 4625 1145 4694 meis

162 4726 431 4817 scriptisrecito,
447 4748 597 4817 cumque
612 4740 717 4796 notae
734 4725 806 4796 siut
817 4726 882 4796 tibi
895 4727 1145 4818 explicationes
1193 4708 1242 4798 S.
1269 4722 1313 4794 D.
1374 4720 1506 4793 illustr.
1537 4731 1572 4787 et
1604 4713 1826 4787 Clementiss.
1858 4709 2039 4801 Princeps.
2094 4705 2175 4780 Oro

162 4840 335 4909 vetustae,
370 4826 567 4916 longiorem
599 4828 967 4897 commemorationem
1004 4829 1143 4901 omitto.
1167 4909 1169 4919 Ι
1191 4825 1306 4896 Deum
1323 4838 1503 4892 aeternum
1518 4833 1652 4910 patrem
1667 4815 1804 4884 domiui
1820 4812 1934 4884 nostri
1952 4809 1979 4886 l.
1996 4808 2056 4894 C„
2077 4834 2176 4883 cree-

163 4929 266 5010 Scio,
293 4924 456 4997 homines
478 4943 631 5001 astutos,
661 4929 722 5020 qui
742 4929 940 4998 doctrinam
965 4925 1144 4999 Ecclesiae
1190 4941 1312 4997 torem·
1326 4926 1413 4994 coeli
1435 4938 1469 4993 et
1486 4933 1645 4991 terraeet
1663 4915 1868 4997 hominum,
1893 4913 1957 5007 qui
1979 4926 2014 4983 et
2038 4936 2173 4981 aunum

163 5045 414 5120 asperuautur,
440 5054 515 5097 uon
530 5030 719 5100 difficulter
742 5029 901 5099 iuvenire
915 5035 1011 5124 ‹quictd
1030 5055 1141 5122 oppo-
1191 5053 1251 5099 suu
1276 5027 1445 5119 sapientia
1467 5021 1663 5102 ordinavit,
1688 5031 1726 5087 ut
1744 5012 1921 5086 Ecclesiae
1935 5008 2039 5085 ethis
2054 5013 2170 5129 regio-

159 5147 265 5213 nant,
294 5145 326 5200 et
351 5126 418 5199 hoc
441 5132 597 5200 seculum
620 5131 816 5201 delectatur
838 5133 996 5221 proleuis
1018 5134 1144 5222 dispu-
1164 5203 1167 5216 ,
1184 5130 1296 5199 uibus
1314 5142 1347 5196 et
1362 5124 1454 5198 Cels.
1471 5122 1514 5192 l'.
1535 5125 1594 5191 det
1617 5120 1770 5190 faustum
1791 5131 1824 5188 et
1847 5116 2171 5186 foelicemsenun-

161 5232 366 5302 ustionibus.
419 5231 487 5303 Sed
507 5230 583 5301 Deo
608 5230 750 5301 ius-aute
771 5256 953 5325 uunquam
979 5232 1142 5302 abiiciunt
1191 5247 1259 5301 tem
1281 5253 1436 5310 arritum,
1462 5238 1497 5295 et
1519 5236 1634 5293 servet
1651 5219 1743 5293 Cels.
1766 5231 1917 5291 vestram
1941 5212 2169 5299 incolumem,

159 5335 419 5406 invocationem
442 5334 505 5403 lilii
521 5331 606 5418 Dei,
632 5357 696 5402 uec
721 5334 897 5405 discedam
914 5358 934 5405 e
950 5333 1142 5429 symbolis,
1190 5347 1224 5404 et
1238 5332 1424 5403 confirmet
1439 5326 1531 5395 vires
1548 5325 1686 5394 atrimae
1704 5333 1738 5393 et
1751 5318 1910 5414 eorporis
1924 5313 2016 5389 Cels.
2025 5327 2171 5388 restore.

1195 4280 1462 4354 illustrissimo
1484 4272 1654 4367 Principi
1677 4296 1721 4342 uc
1745 4268 1913 4357 domiuo,
1946 4264 2042 4343 dom.
2064 4269 2178 4343 Iou-
2250 4268 2253 4274 ’

1168 4380 1362 4470 ichimo,
1403 4377 1568 4476 Principe*
1595 4376 1635 4445 iu
1659 4370 1806 4445 Antalt
1839 4381 1870 4444 el
1895 4368 2077 4456 Asconio,
2111 4374 2180 4444 do-

1167 4468 1297 4559 imino
1316 4487 1356 4557 in
1379 4480 1509 4553 Zerdst
1534 4489 1564 4551 et
1586 4472 1818 4563 Bernburcic,
1842 4470 1992 4547 domiuo
2015 4500 2084 4547 suo
2104 4470 2178 4546 cle-

1597 4576 1759 4654 meutiss.
