4776 6024
175 266 252 345 ω
712 226 716 232 ’
748 263 1180 349 ualeronaaou

173 457 210 516 et
237 437 409 512 honestus
441 431 663 508 Erdmanus
693 429 933 533 Capernicus:
974 439 1106 532 inqua
1138 439 1202 513 tel

173 567 320 641 quoque
332 541 488 612 adfuisse
507 543 670 630 optarim.
722 540 807 611 Fuit
823 544 966 611 recitata
985 543 1173 633 explicatio

174 647 262 717 dicti
280 642 426 715 Esaiae:
461 641 499 713 si
519 657 657 731 peccata
676 658 788 714 vestra
805 657 908 714 erunt
924 658 963 714 ut
979 645 1173 726 coccinum,

176 762 211 820 et
245 760 286 817 ut
319 744 546 815 vermiculus.
611 741 661 814 Et
692 745 846 829 dictum,
888 769 951 814 cur
986 745 1172 814 vermiculi

174 849 311 921 mentio
333 848 410 927 fiat,
433 845 548 938 etqui
571 845 617 915 sit
641 848 740 915 color
762 847 961 915 vermiculi:
989 848 1071 939 quia
1093 871 1172 916 coc-

176 974 241 1023 cus
254 950 408 1021 vertitur
423 947 461 1014 in
477 970 649 1032 vermem,
676 949 737 1040 qui
760 962 811 1018 est
832 948 1035 1018 immediata
1058 960 1171 1017 mate-

176 1055 230 1124 ria
246 1050 433 1142 sanguinei
451 1048 593 1121 coloris.
645 1046 829 1119 Peccatum
848 1049 996 1140 quiescit
1008 1050 1172 1142 aliquau-

178 1155 261 1239 dtu,
284 1168 405 1247 postea
423 1150 621 1234 fitvermis,
649 1164 681 1218 et
701 1163 862 1220 cruentat
887 1175 951 1218 niis
974 1152 1009 1219 in
1036 1151 1170 1241 poenis.

178 1256 253 1329 Sed
269 1255 363 1325 lilius
378 1254 442 1324 Dei
460 1251 611 1340 detergit
627 1275 802 1325 cruorem.
856 1249 996 1320 Mittam
1014 1253 1080 1322 tibi
1108 1275 1171 1342 pa-

178 1358 311 1448 gellas,
335 1380 414 1426 eum
430 1353 564 1423 luerint
579 1352 704 1426 editae.
757 1353 897 1441 Quaeso
912 1368 951 1422 ut
966 1377 1065 1423 cures
1080 1347 1171 1421 nsihi

179 1483 249 1553 pro
285 1452 497 1527 Ioachimico
532 1455 603 1523 erni
636 1455 768 1525 cultros
803 1454 1171 1543 Tangermundenses,

179 1583 256 1631 nou
270 1558 477 1648 grandiores
491 1557 624 1640 multo,
644 1580 710 1624 nec
731 1557 886 1624 minores
903 1557 946 1624 iis
965 1580 1053 1648 quos
1068 1569 1170 1625 antea

180 1661 323 1743 misisti,
358 1673 394 1729 et
419 1656 538 1746 eligito
563 1671 722 1727 accurate
746 1661 865 1726 laetos.
915 1655 1006 1727 Dedi
1035 1659 1170 1749 priores

181 1762 308 1854 partim
325 1749 562 1843 Caeterum,
591 1760 717 1848 partim
743 1758 889 1828 Ductori
913 1752 1170 1827 AlbertoBre-

181 1861 297 1933 nicusi
309 1862 551 1931 coercionaluci
563 1854 619 1951 ⁶),
646 1861 773 1951 parlim
790 1860 885 1942 aliis,
904 1862 1033 1952 quibus
1047 1863 1171 1928 admo-

181 1968 266 2036 dum
283 1965 505 2056 plecueruul.
561 1961 655 2030 Bene
674 1963 767 2045 vale,
794 1963 852 2030 die
877 1964 991 2052 prima
1009 1960 1173 2052 Augusti,

192 2063 299 2141 1554.

186 2290 316 2303 ω--οοιονι-
324 2288 520 2299 ffi—--na-o-u-u-
532 2290 648 2297 ---—---
657 2291 692 2296 ...-
704 2292 721 2296 --
729 2290 865 2299 ,μσς-«ιφ
874 2284 1171 2299 »οισι-...ηΜ

185 2433 255 2505 No.
270 2430 381 2509 sote.

194 2527 364 2557 ψ,
1037 2435 1174 2558 ese

338 2633 414 2720 Io.
446 2630 783 2720 Heberutreitio
813 2632 996 2715 seniori.

253 2797 276 2867 †
292 2794 393 2852 Ecod.
407 2792 492 2850 Gotlr.
505 2791 566 2847 ³99.
580 2810 608 2864 p.
622 2793 670 2845 sot
680 2789 707 2846 b,

189 2952 233 3028 V
227 2949 411 3024 onerando
424 2949 519 3036 uiro,
545 2945 746 3021 eruditione
762 2960 794 3021 el
812 2949 941 3020 uirtute
953 2948 1175 3045 praestanti,

185 3053 237 3126 D.
263 3049 482 3127 Iohanni
506 3051 827 3133 Hedenstreit,
860 3050 1000 3121 seniori
1029 3048 1177 3149 parlari

187 3157 376 3229 Ecclesiae
412 3152 493 3225 Dei
532 3154 571 3222 in
613 3150 747 3251 oppido
780 3144 914 3223 Colede
955 3151 1107 3251 [Colleda
1141 3164 1174 3221 tn

463 3253 652 3354 Thuringie]
683 3255 802 3326 amico
827 3280 895 3326 Suo

188 3400 234 3485 S·
261 3411 306 3483 D.
360 3409 569 3479 Veneranda
588 3408 654 3480 vir.
706 3405 821 3489 Deus,
851 3408 912 3498 qui
928 3422 978 3476 est
996 3409 1175 3499 inspector

188 3532 221 3597 et
249 3517 358 3585 iudex
385 3511 568 3588 cordium,
602 3511 685 3591 scit,
719 3533 773 3575 me
797 3521 938 3596 optare,
973 3523 1013 3578 ut
1037 3513 1083 3580 sit
1107 3535 1175 3579 no-

189 3631 343 3686 strarum
370 3610 608 3683 Ecclesiae-um
640 3610 828 3680 concordia
863 3609 1011 3701 ubique,
1057 3625 1093 3680 et
1114 3633 1175 3679 ex-

190 3729 271 3788 tant
309 3727 423 3783 nostra
457 3714 585 3802 scripta
619 3725 653 3780 et
686 3711 888 3781 testimonia
924 3724 1063 3778 nostrae
1096 3735 1174 3779 mo-

190 3815 384 3893 derationis
413 3828 446 3884 et
478 3814 684 3905 patientiae,
718 3836 782 3881 nec
813 3812 980 3901 ignorant
1008 3811 1063 3879 illi
1094 3813 1173 3904 ipsi,

192 3920 255 4012 qui
282 3918 354 3988 filio
382 3929 497 3985 vestro
528 3918 777 3997 adversantur,
814 3937 885 4006 quo
925 3913 1075 3983 consilio
1109 3940 1174 3984 vo-

189 4020 360 4091 luerimus
380 4019 597 4089 iuventutem
618 4017 658 4084 in
678 4015 838 4084 doctrina
864 4017 908 4084 de
935 4039 1048 4099 anuo,
1073 4029 1109 4086 et
1133 4017 1172 4085 in

191 4115 455 4212 cosmographia
479 4119 624 4191 eruditi.
674 4115 746 4186 Nec
769 4115 894 4186 dubito
912 4140 1104 4208 provocare
1128 4119 1172 4187 ad

189 4225 270 4294 illos
285 4224 399 4315 ipsos,
416 4221 478 4314 qui
495 4234 618 4289 contra
631 4243 696 4287 rios
711 4220 937 4310 scripserunt.
973 4216 1044 4311 Ipsi
1060 4221 1175 4289 sciunt

189 4325 321 4396 iudicia
347 4337 381 4393 et
402 4322 601 4392 voluntates
622 4334 780 4405 nostras,
814 4334 847 4390 et
869 4321 987 4391 sciunt
1009 4344 1174 4390 reveren·

189 4429 276 4519 dum
300 4423 346 4498 D.
367 4417 576 4493 Latiarum
603 4436 638 4491 et
669 4423 757 4491 alios
785 4422 960 4513 sapientes
991 4422 1086 4489 vims
1111 4447 1175 4490 vo-

190 4522 318 4611 luisse,
348 4542 388 4597 ul
412 4527 576 4596 iuventus
600 4525 748 4593 disceret
772 4522 873 4592 initia
897 4546 1001 4590 verae
1016 4517 1175 4613 philoso-

191 4625 310 4720 phiae.
362 4627 443 4699 Seio
467 4628 591 4710 etiam,
617 4648 770 4718 quorum
795 4624 981 4693 acerbitate
1002 4618 1069 4693 hae
1090 4647 1176 4693 con·
1207 4618 1211 4623 ’

190 4730 369 4801 tentiones
389 4730 636 4799 accendantur.
688 4724 762 4794 Vos
785 4751 869 4809 oro,
893 4739 933 4795 ut
957 4726 1034 4795 sitis
1056 4727 1176 4794 animo

191 4830 401 4924 tranquillo.
451 4829 565 4900 Filius
583 4829 650 4897 erit
662 4825 739 4898 Deo
755 4851 877 4911 curae,
902 4840 936 4896 et
951 4828 1107 4898 inveniet
1124 4827 1180 4895 lo-

192 4958 274 5005 cum
290 4927 437 5002 honeste
451 4931 634 5000 exercendi
648 4942 758 4998 artem
775 4929 959 4998 medicam.
1007 4928 1179 4999 Hortatus

194 5057 273 5105 sum
287 5036 392 5105 etiam
409 5057 509 5116 ecem,
525 5047 564 5101 ut
581 5053 724 5123 prorsus
740 5032 879 5099 omittat
895 5033 1086 5101 certamina
1098 5054 1180 5101 eum

194 5136 255 5220 iis,
280 5137 341 5230 qui
358 5160 433 5204 non
451 5134 568 5205 studio
585 5133 742 5203 veritatis
759 5134 817 5199 sed
843 5144 985 5221 propter
997 5132 1082 5202 alias
1098 5157 1181 5204 cau·

191 5320 419 5337 W

226 5424 256 5490 a,
277 5424 334 5494 Qui
351 5422 472 5479 adsuerat
487 5421 649 5505 Vitebergse
663 5438 755 5477 mense
765 5402 834 5473 lulio
849 5417 943 5501 ¹⁵⁵⁴·.·

1232 266 1340 345 LIB.
1365 265 1450 347 xlt.
1502 263 1646 347 tsot,
2151 274 2227 350 826

1227 464 1284 515 ses
1310 440 1343 512 ei
1366 442 1601 513 adversantur
1615 436 1667 532 *).
1719 441 1800 513 Mea
1824 443 1938 515 officia
1960 443 2035 514 lilio
2059 467 2132 515 non
2154 448 2217 517 de-

1222 558 1345 619 erunt.
1396 541 1493 616 Bene
1510 545 1632 620 valete.
1686 543 1752 616 Die
1767 541 1804 619 5.
1823 544 1986 636 Augusti.

1963 642 2163 739 Philippus.

1227 850 2212 871 mmm-“m

1232 977 1298 1050 No.
1311 976 1425 1054 6649.

1230 1077 1442 1115 m

2056 991 2210 1110 lQ.

1528 1164 1604 1254 (ie.
1633 1168 1903 1280 Agricolae.

1288 1322 1373 1396 Epist.
1390 1324 1436 1381 lib.
1453 1324 1489 1382 Il.
1506 1344 1533 1398 p.
1548 1326 1608 1383 558.
1628 1328 1683 1396 (ed.
1701 1327 1790 1386 Lond.
1810 1328 1857 1385 lib.
1874 1330 1911 1386 ll.
1930 1349 1972 1402 ep.
1986 1333 2070 1401 ssu).

1221 1469 1447 1553 Clarissimo
1461 1482 1558 1570 uiro,
1580 1479 1784 1555 eruditione
1800 1497 1831 1555 el
1848 1486 1977 1558 uirtute
1989 1494 2210 1583 praestanti,

1220 1579 1388 1653 Domino
1402 1581 1460 1658 M.
1477 1579 1680 1679 Georgia
1697 1586 1970 1683 Agricolae,
1983 1589 2211 1684 gubernanti

1220 1680 1348 1755 studia
1380 1680 1570 1756 doctrinae
1603 1686 1643 1756 in
1678 1685 1831 1784 Inclyta
1865 1687 1966 1763 Urbe
2004 1691 2206 1791 zimberga,

1475 1786 1603 1887 fratri
1615 1812 1684 1858 suo
1698 1785 1939 1880 charissimo,

1223 1903 1273 1989 S·
1294 1917 1338 1991 Ι).
1388 1916 1604 1992 Charissime
1619 1914 1780 2014 Georgi,
1803 1919 1895 1993 Cum
1917 1925 1954 1992 in
1979 1928 2052 2000 vita
2073 1929 2208 2003 officio.

1225 2046 1302 2090 rum
1321 2024 1451 2112 gradus
1466 2022 1638 2092 divinitus
1661 2022 1699 2091 in
1721 2045 1848 2111 genere
1874 2021 2030 2097 humano
2051 2033 2208 2105 ordinati

1223 2123 1312 2208 sint,
1337 2138 1372 2194 et
1386 2124 1471 2194 velit
1486 2147 1544 2193 eos
1556 2122 1652 2194 Deus
1666 2126 1868 2195 testimonia
1883 2150 1955 2196 esse
1970 2153 2051 2199 suae
2067 2135 2208 2223 sapien·

1224 2224 1291 2294 tiae
1315 2238 1350 2296 et
1372 2224 1562 2309 bonilatis,
1596 2239 1796 2295 reverenter
1821 2230 2016 2314 sentireele
2037 2236 2208 2306 >omnihus

1225 2320 1383 2398 honestis
1410 2327 1655 2399 functionibus
1689 2329 1869 2403 debemus.
1930 2320 2051 2420 Quare
2073 2337 2208 2407 etiamsi

1224 2423 1316 2497 bunc
1334 2442 1490 2498 nostram
1513 2428 1676 2497 militiam
1701 2430 1907 2501 docentium
1938 2447 1973 2503 et
1994 2436 2207 2508 discentium

1224 2531 1424 2599 doctrinam
1441 2530 1589 2611 deDeo,
1606 2544 1640 2599 et
1656 2529 1742 2599 alias
1755 2523 1919 2602 honestas
1932 2547 2024 2605 artes
2038 2532 2210 2609 Centauri

1224 2632 1374 2723 superbe
1388 2631 1602 2721 despiciunt:
1629 2646 1747 2701 tamen
1764 2655 1828 2701 nos
1846 2646 1879 2704 et
1897 2629 2002 2705 huius
2023 2640 2153 2726 gradus
2176 2655 2210 2712 et

1224 2733 1375 2801 aliorum
1393 2732 1599 2822 dignitatem
1617 2732 1871 2823 intelligamus,
1886 2751 1919 2806 et
1936 2737 2103 2823 sciamus,
2117 2736 2209 2811 hanc

1224 2831 1388 2924 Spartam
1413 2834 1517 2904 nobis
1540 2832 1713 2905 divinitus
1738 2839 2037 2923 commendatam,
2075 2865 2207 2912 ornau-

1226 2937 1306 3004 dam
1321 2957 1403 3003 esse.
1452 2934 1538 3004 Tibi
1559 2930 1628 3004 hoc
1674 2958 1792 3029 noque
1809 2935 1875 3006 Ilei
1901 2939 2109 3010 beneficium
2130 2966 2211 3033 gra·

1225 3035 1340 3121 tulor,
1366 3037 1460 3130 quod
1479 3036 1516 3105 in
1532 2960 1728 3128 palriabos
1748 3036 1825 3125 pios
1841 3038 1980 3111 labores
1995 3041 2092 3112 lacis.
2131 3040 2212 3115 Etsi

1224 3139 1320 3208 enim
1335 3133 1512 3223 Ecclesia,
1527 3139 1725 3207 communis
1742 3138 1853 3230 patria
1872 3155 1942 3227 est,
1968 3155 2086 3214 tamen
2105 3144 2210 3216 etiam

1226 3234 1363 3337 στοργὴ
1381 3252 1500 3309 movet
1513 3241 1669 3325 animos,
1694 3252 1735 3309 ut
1755 3240 1909 3310 libenter
1930 3246 2023 3333 apud
2046 3260 2212 3334 cognatos

1226 3343 1397 3413 vivamus.
1443 3338 1520 3428 Ego
1538 3341 1607 3408 iam
1623 3364 1728 3410 senex
1744 3365 1871 3430 magno
1890 3345 2064 3414 desiderio
2080 3348 2211 3427 fratris,

1225 3442 1293 3510 vici
1309 3441 1476 3532 sapientis
1493 3454 1525 3509 et
1542 3435 1682 3510 honesti
1700 3441 1857 3514 adficior.
1891 3441 1961 3515 Sed
1977 3447 2101 3517 omitto
2118 3442 2210 3518 hanc

1225 3540 1607 3613 commemorationem.
1659 3535 1736 3611 Oro
1757 3554 1874 3611 autem
1899 3543 2032 3617 Filium
2046 3544 2112 3618 Dei
2134 3549 2212 3620 Do·

1226 3644 1362 3712 minum
1387 3654 1545 3709 nostrum
1570 3639 1686 3710 lesum
1707 3635 1891 3713 Christum
1914 3650 2118 3719 cnrcilixum
2145 3676 2210 3742 pro

1226 3746 1328 3815 nobis
1343 3757 1378 3814 et
1392 3742 1654 3827 resuscitatum,
1681 3745 1860 3813 custodem
1875 3743 2073 3829 Ecclesiae,
2099 3764 2139 3819 ut
2149 3776 2211 3821 vos

1226 3871 1347 3916 omnes
1374 3857 1552 3937 protegat,
1586 3856 1622 3917 et
1654 3845 1826 3935 gubernet
1860 3849 1978 3918 studia
2006 3850 2212 3922 iuventutis.

1225 3949 1334 4021 Mitto
1351 3947 1417 4018 tibi
1440 3947 1610 4038 pagellas,
1633 3970 1785 4040 quarum
1810 3948 1994 4019 lectionem
2018 3975 2119 4042 spero
2145 3955 2210 4023 tibi

1225 4076 1298 4121 non
1323 4053 1505 4121 insuavem
1528 4050 1615 4122 lore.
1665 4045 1764 4118 Beue
1782 4050 1859 4119 vale
1882 4062 1916 4119 et
1930 4055 2094 4127 rescribe.
2145 4052 2212 4124 Die

1230 4158 1287 4230 1s.
1305 4150 1397 4243 Aug.
1415 4149 1524 4223 Anno
1544 4146 1652 4224 1554.
1777 4163 1786 4187 ‘

1239 4346 1346 4355 ...omnm-
1359 4344 1422 4353 ...ιο--
1452 4346 1455 4350 1
1483 4344 1497 4351 ι.
1520 4344 1548 4351 ...
1562 4344 1577 4350 --
1588 4344 1604 4350 ω

1240 4450 1306 4523 Νο.
1321 4447 1433 4525 5650.

1232 4548 1446 4584 Q

1437 4617 1695 4706 Christiano
1724 4617 1854 4731 Regi
1881 4621 2007 4708 Dan.

1291 4760 1624 4903 §piiuobiafpntswt
1645 4777 1680 4819 ee
1704 4762 1863 4834 lte't‘e'ulge
1880 4770 1908 4820 lu
1927 4764 2039 4825 uteru.
2097 4773 2160 4828 val.
2180 4766 2216 4831 ll.

1345 4959 1653 5063 (Christiano
1679 4958 1782 5046 HL,
1806 4954 1910 5054 Regi
1930 4957 2118 5066 Daniae.)

1232 5083 1377 5184 (Sectis
1393 5100 1508 5175 baete
1526 5095 1616 5185 baed
1632 5094 1730 5184 leucu
1748 5095 1975 5186 ciagebotmeu
1988 5100 2090 5190 &aba
2107 5101 2221 5191 zetum

1234 5200 1414 5293 bostium,
1428 5199 1542 5288 uatem
1554 5197 1693 5292 ,peilam
1709 5200 1773 5269 uuo
1787 5197 2019 5295 uehebaltigeu
2036 5204 2157 5298 posce,
2171 5227 2222 5298 gu:

1606 4341 1643 4350 ...-
1652 4341 1753 4348 -------
1761 4341 2129 4359 ...οη-,Ἣ
2138 4349 2148 4357 ,

2038 4463 2209 4583 Q

1273 5410 1302 5479 *)
1324 5408 1389 5464 l'id.
1402 5426 1445 5482 ep.
1458 5404 1504 5463 ii.
1514 5400 1577 5460 lun.
1589 5403 1689 5552 lat..
