4776 6024
152 298 245 413 tat·
723 289 1154 371 urtsrotattuu
1208 289 1313 373 LIB.
1336 290 1434 374 Xll.
1489 294 1621 373 1665.
2102 293 2179 370 488

149 471 244 546 simi.
299 466 424 539 Visum
441 466 550 558 igitur
572 484 624 540 est
640 463 746 540 V.R.
764 466 1078 559 praemonentibus
1096 466 1142 535 li·
1196 480 1359 558 optamus
1372 470 1416 541 ad
1432 468 1577 542 vitanda
1595 471 1727 543 scilicet
1748 474 1930 558 scandala,
1956 487 1990 544 et
2006 471 2103 564 vulgi
2121 469 2179 544 in·

150 576 236 646 teris
258 570 453 662 significare
484 572 677 640 nonnullas
710 591 847 653 causas,
878 583 1023 660 propter
1054 592 1142 662 quas
1193 591 1298 638 sanos
1331 571 1503 641 clamores
1535 569 1771 658 cohibendos,
1804 574 1904 668 (nam
1932 575 1969 643 in
1997 599 2081 643 vero
2109 573 2178 647 Dei

150 671 244 746 hauc
264 672 500 744 ceremoniam
531 667 712 763 hucusque
738 669 1001 742 retinuerimus.
1060 668 1141 739 Non
1192 672 1311 755 cultu,
1338 671 1377 739 in
1392 674 1552 743 articulis
1568 676 1666 755 fidei,
1692 699 1781 765 pura
1797 677 1956 745 doctriua
1980 689 2016 746 et
2032 701 2097 745 usu
2122 701 2178 747 sa·

150 778 246 846 enim
266 777 346 843 ideo
365 775 493 841 factum
517 773 740 853 existimetis,
767 775 860 862 quod
891 772 1040 838 velimus
1065 795 1139 840 eam
1193 786 1452 843 eramentorum
1469 775 1561 845 inter
1578 802 1642 845 nos
1659 778 1756 846 mdla
1773 791 1823 845 est
1839 781 2018 848 contentio
2040 791 2098 846 aut
2115 803 2177 847 va·

149 877 467 974 (quemadmodum
489 876 575 943 falso
598 871 928 962 nobisimpoultuv)
953 874 1141 963 pertinaci·
1193 872 1326 969 cletas).
1376 871 1576 969 Obsequuti
1591 879 1734 972 quidem
1750 891 1831 948 sunt
1847 879 2013 948 nonnulli
2031 874 2177 970 parochi

149 996 223 1066 ter,
246 992 287 1049 ut
305 1002 379 1046 rem
396 980 438 1044 ad
459 1000 579 1045 verum
596 978 731 1047 cultum
750 989 781 1043 et
800 970 934 1043 Christi
951 987 1139 1043 testamen·
1192 987 1226 1044 et
1249 976 1347 1046 verbi
1369 978 1523 1047 ministri
1546 982 1725 1070 proposito
1751 979 1804 1053 M.
1818 975 1979 1074 Kurgii;
2007 980 2175 1051 nonnulli

148 1097 226 1155 tum
249 1077 500 1159 necessariam,
534 1079 741 1157 defendere,
775 1089 880 1167 atque
903 1076 1054 1143 aliarum
1082 1099 1140 1143 ec·
1191 1087 1308 1145 tamen
1330 1092 1535 1151 renuerunt.
1588 1078 1845 1153 Auctoritatem
1868 1106 2021 1175 namque
2045 1077 2177 1151 Arabi-

149 1183 335 1253 clesiarum
357 1180 464 1247 ritum
484 1180 839 1268 doctissimorumque
860 1176 1017 1244 virorum
1043 1177 1139 1245 iudi·
1191 1176 1345 1269 episcopi
1369 1194 1431 1251 aut
1459 1181 1589 1250 summi
1610 1181 1945 1273 Sivperintendentis
1968 1185 2042 1275 ipse
2066 1178 2175 1253 Kar.

147 1285 244 1355 cium
268 1296 302 1352 et
324 1280 511 1350 consilium
536 1275 600 1348 hac
624 1281 660 1346 in
686 1304 722 1348 re
740 1280 909 1346 damnare
932 1292 992 1347 aut
1016 1301 1135 1369 repro·
1186 1277 1274 1370 gius
1290 1282 1489 1350 adscribere
1505 1282 1573 1351 sibi
1589 1308 1773 1376 nunquam
1791 1285 1921 1369 voluit,
1949 1285 1993 1354 ita
2006 1285 2173 1355 dicentis:

148 1387 246 1457 bare.
296 1381 469 1452 Novimus
487 1383 582 1449 enim
598 1379 666 1450 Dei
682 1380 925 1462 benebci0‚ex
945 1379 1136 1447 multorum
1189 1399 1254 1470 ego
1267 1388 1325 1449 sto
1338 1404 1406 1473 pro
1421 1405 1493 1464 rue,
1517 1385 1765 1482 uuusquisque
1778 1394 1844 1453 stet
1857 1407 1928 1481 pro
1942 1408 1990 1459 se.
2043 1384 2174 1473 Quare,

148 1499 414 1578 praeceptorum
458 1497 679 1565 nostrorum,
731 1480 775 1553 D.
814 1473 1145 1563 Melanchthouis,
1188 1504 1261 1549 non
1283 1484 1349 1551 soli
1369 1508 1512 1567 sumus,
1539 1488 1840 1576 quemadmodum
1860 1482 2070 1579 Kargium,
2095 1511 2173 1579 pas-

145 1589 232 1658 itcm
252 1582 296 1655 D.
314 1579 479 1653 Maioris
496 1581 897 1675 aliorumquessscriptis,
923 1581 1073 1649 maxime
1094 1604 1135 1649 ex
1189 1581 1254 1648 sim
1280 1605 1362 1667 nos,
1388 1584 1668 1671 calumniantur,
1693 1587 1755 1680 qui
1784 1586 1978 1658 sententiae
1998 1589 2073 1657 eius
2098 1612 2175 1659 non

145 1686 430 1758 reverendissimi
440 1686 508 1754 viri
525 1680 712 1755 inChristo
723 1683 901 1763 defuncti,
916 1676 1138 1750 D.Martini
1186 1683 1329 1775 quidem
1347 1708 1389 1753 ex
1403 1698 1624 1777 contemptu,
1647 1691 1707 1756 sed
1725 1701 1870 1777 propter
1885 1711 2007 1760 causas
2025 1712 2173 1760 enume-

146 1779 309 1858 Lutheri
331 1787 457 1858 ultima
473 1787 691 1856 confessione
714 1787 758 1853 de
777 1797 1013 1866 sacramento,
1039 1807 1133 1851 anno
1186 1797 1280 1853 ratas
1301 1787 1537 1874 refragamur,
1569 1800 1674 1880 atque
1694 1790 1770 1859 eius
1798 1788 1930 1860 iudicio
1950 1790 2172 1863 subscribere

147 1888 259 1963 1546.
282 1890 395 1972 edita,
420 1889 550 1981 quibus
575 1886 841 1957 conditionibus
864 1908 918 1953 res
941 1884 1074 1953 mediae
1100 1897 1133 1952 et
1185 1886 1384 1972 noluimus,
1406 1890 1467 1957 sed
1485 1882 1721 1959 moltiadhuc
1735 1889 1797 1959 alii
1812 1903 1914 1976 sunt,
1938 1891 2001 1984 qui
2015 1914 2087 1961 una
2103 1915 2171 1961 no-

145 1992 388 2062 indifferentes
411 1992 498 2059 citra
521 2003 701 2081 peccatum
726 1986 904 2055 observari
933 1998 996 2055 aut
1016 1984 1132 2055 omitti
1184 1987 1320 2056 biscum
1351 2001 1534 2079 expectant
1559 1988 1797 2062 universalem
1820 1990 1860 2060 in
1882 1990 2025 2061 Ducatu
2046 2006 2169 2065 nostro

144 2094 294 2188 possint.
342 2089 438 2161 Haec
456 2105 573 2160 autem
587 2089 794 2181 principalis
815 2111 918 2156 causa
941 2100 1010 2166 est,
1035 2087 1131 2178 quod
1184 2088 1298 2156 divini
1330 2089 1429 2158 verbi
1456 2087 1702 2160 ministrorum
1730 2091 1920 2181 legitimam
1943 2094 2168 2164 convocatio-

143 2197 185 2266 in
199 2194 409 2265 ceremoniis
423 2205 624 2261 nostrarum
641 2192 866 2258 ecclesiarum
889 2182 1059 2258 hactenus
1074 2185 1131 2255 ni·
1183 2213 1286 2273 mm,
1311 2202 1346 2261 et
1366 2214 1518 2284 aequum
1535 2191 1648 2262 nostri
1664 2194 1889 2282 magistratus
1906 2210 2011 2288 atque
2037 2190 2102 2266 bac
2128 2197 2168 2266 ln

143 2293 199 2367 bit
222 2295 497 2366 immutavimus.
562 2292 667 2362 Ritus
691 2290 898 2360 elevationis
930 2287 968 2356 in
993 2287 1131 2358 [locato
1182 2315 1220 2360 ro
1253 2291 1390 2360 licitum
1423 2294 1646 2373 mandatum,
1679 2297 1775 2388 quod
1809 2318 1890 2364 eum
1922 2310 2075 2389 utroque
2106 2308 2169 2368 aut

144 2394 483 2484 Brandenburgensi
499 2395 543 2460 ab
561 2394 742 2482 invulgato
768 2389 950 2477 evangelio
964 2403 999 2458 et
1013 2411 1130 2458 snsce-
1180 2385 1339 2485 unnm*)
1362 2393 1437 2475 fiet,
1464 2394 1500 2462 in
1523 2395 1715 2485 nobisnon
1735 2396 2019 2469 eritullamora.
2070 2395 2168 2468 llaec

143 2513 206 2591 pto
222 2500 377 2569 auctario
393 2497 547 2585 agendae
564 2508 721 2575 nostrae,
744 2516 882 2581 semper
903 2491 942 2558 in
963 2514 1029 2560 usu
1052 2489 1130 2577 luit,
1181 2495 1219 2561 iu
1241 2493 1387 2581 gratiam
1409 2490 1458 2569 V.
1473 2492 1519 2566 R.
1539 2494 1599 2586 pio
1620 2497 1738 2567 studio
1754 2498 2001 2578 monentibus,
2027 2499 2166 2589 pancis-

141 2624 259 2694 neque
279 2595 346 2669 boc
366 2597 534 2688 temporis
555 2595 711 2685 legitime
732 2594 899 2662 abolitus.
953 2590 1041 2661 Vult
1064 2615 1129 2661 au·
1180 2595 1279 2664 simis
1304 2598 1516 2687 respondere
1539 2596 1721 2685 duximus,
1744 2595 1940 2670 Dominum
1959 2600 2167 2671 ardentissi-

142 2716 214 2772 tem
237 2702 415 2792 apostolus
436 2714 477 2768 ut
498 2700 617 2767 omnia
636 2698 800 2764 decenter
824 2709 861 2764 et
880 2693 1006 2762 ordine
1032 2692 1128 2767 fiant.
1180 2697 1247 2764 mis
1272 2697 1435 2786 precibus
1462 2696 1648 2766 nobiscum
1679 2713 1880 2792 precantes,
1912 2714 1953 2771 nt
1972 2700 2167 2815 τεῲωῐιιι·

139 2801 411 2894 Expectavimus
426 2801 534 2890 igitur
550 2795 730 2890 bucusque
752 2812 856 2889 atque
875 2795 980 2863 semel
1006 2807 1041 2863 et
1060 2794 1128 2864 ite-
1179 2819 1267 2886 pura
1283 2798 1381 2866 verbi
1398 2795 1465 2867 Dei
1481 2798 1663 2879 doctrina,
1690 2813 1727 2871 et
1742 2799 1781 2868 in
1798 2798 1942 2872 ecclesia
1964 2804 2164 2876 concordis.

139 2928 220 2973 rum
241 2903 445 2995 petivimus,
468 2901 704 2971 universalem
729 2899 827 2966 verbi
851 2895 917 2966 Dei
942 2895 1126 2965 ministro·
1185 2897 1304 2967 Valete
1327 2900 1366 2967 in
1386 2894 1531 2970 Christo
1554 2900 1767 2975 felicissime.
1817 2896 2165 2973 Die21.1·'ebmarii

111 3030 220 3076 rum
244 3005 405 3075 usitatam
430 3004 736 3083 convocationem,
775 3024 864 3093 quae
886 3021 959 3068 uno
984 3019 1045 3067 ore
1063 2999 1126 3065 de-
1178 2996 1365 3076 an.1655.

139 3122 313 3187 cerneret,
339 3105 423 3198 quid
448 3106 648 3173 faciendum
672 3115 705 3171 et
726 3125 832 3192 porro
857 3101 895 3168 in
916 3097 1124 3168 ceremoniis
1457 3116 1502 3194 v·
1516 3117 1563 3192 R·
1580 3119 1884 3191 obgervamgfflmi

138 3211 349 3280 seruandum
366 3221 472 3290 esset,
498 3229 578 3275 cnm
600 3201 667 3274 hoc
689 3203 804 3292 ipsum
828 3216 1028 3292 susceptum
1049 3222 1124 3269 non
1379 3214 1627 3291 Sebastiam
1641 3216 1836 3309 Saulem,
1861 3222 1986 3295 panor
2006 3239 2040 3297 01
2052 3224 2165 3300 neca,

139 3309 184 3379 sit
208 3312 333 3392 tinius,
366 3310 518 3377 duorum
545 3319 606 3373 aut
638 3304 745 3373 trium
768 3303 905 3391 (utpote
929 3300 1123 3369 venerandi
1532 3323 1656 3391 „usin
1674 3318 1995 3401 flumenhaugen·

137 3411 206 3478 viri
240 3410 291 3482 M.
309 3403 465 3499 Georgii
485 3402 631 3495 Korgii
652 3400 820 3492 Episcopi
845 3396 1124 3470 Onolzbacensis
1379 3413 1563 3514 Georgius
1586 3410 1773 3516 S'cglaeep
1814 3423 1978 3496 nemu⁸
2003 3440 2036 3497 e,
2059 3450 2164 3519 pm·

136 3524 242 3600 atque
265 3512 340 3576 eius
360 3507 523 3575 ecclesiae
539 3499 770 3595 collegarum)
791 3503 852 3568 sed
877 3500 1034 3590 plurium
1056 3502 1124 3566 do-
1477 3515 1565 3590 ehu,
1583 3521 1621 3588 ᾖ,
1632 3479 2051 3618 νγωθᾶωὴεῃῶυεω

136 3621 274 3676 ctorum
291 3603 478 3674 bominum
495 3629 585 3695 opus
599 3604 861 3695 perficiendum.
912 3598 1002 3668 Nam
1026 3611 1061 3666 et
1078 3601 1122 3664 ab
2052 3581 2063 3605 ⁶

136 3708 305 3798 apostolis
328 3703 422 3775 bunc
442 3728 577 3773 morem
599 3708 822 3774 observatum
843 3699 950 3769 fuisse
966 3694 1046 3768 Aa.
1065 3694 1123 3772 16.
1180 3750 2167 3789 Μ

137 3809 306 3899 legimus,
332 3822 365 3878 et
382 3830 500 3892 nunc,
524 3806 635 3896 gratia
651 3803 739 3887 Dei,
764 3801 888 3872 multis
908 3800 1012 3869 annis
1035 3794 1121 3870 haec

136 3907 327 3981 christiana
354 3924 390 3980 et
414 3908 603 3978 laudabilis
628 3906 846 3976 consuetudo
860 3904 1063 3984 observata,
1088 3913 1122 3970 et
1176 3920 1240 3993 No,
1254 3915 1369 3995 5744⁸
2019 3937 2053 4001 5·
2072 3933 2152 4002 mm

136 4013 177 4080 in
192 4012 298 4098 flore,
324 4015 434 4081 ferme
451 4011 488 4078 in
512 4009 679 4079 omnibns
703 4004 913 4097 evangelicis
935 4002 1022 4073 locis
1042 4000 1122 4082 fuit,
1180 4015 1353 4045 Μ
1462 4047 1467 4055 -
2020 3986 2163 4055 aa!

135 4129 174 4183 ut
190 4112 228 4181 in
244 4113 414 4197 Saxonis,
440 4107 620 4191 Mar-chia,
646 4108 789 4193 Hessia,
816 4105 1017 4176 Palatinatu
1032 4117 1066 4175 et
1083 4104 1121 4170 in
1523 4118 1593 4207 Μ
1623 4119 1812 4209 comm

136 4211 389 4284 Marchionum
405 4212 657 4284 Dioecoesibus
673 4224 737 4285 etc.
750 4210 812 4281 ubi
825 4206 1121 4297 superintenden-

136 4328 188 4386 tes
203 4314 338 4387 Decani
358 4330 392 4383 et
415 4316 475 4383 alii
494 4316 590 4385 docti
612 4312 700 4400 viri,
725 4312 788 4383 uni
810 4310 958 4398 collegio
979 4304 1122 4389 addicti,

136 4417 319 4485 convocati
338 4417 495 4485 fuerunt.
548 4413 656 4505 Quod
676 4415 819 4509 quidem
843 4410 1068 4481 commodum
1088 4418 1122 4475 et
1175 4444 1431 4522 Mamm
1457 4442 1650 4522 comm,
1673 4444 1714 4519 in
1736 4420 1946 4519 Academia.
1966 4443 2045 4525 pm
2145 4456 2155 4478 .

132 4520 182 4621 pd
205 4519 431 4587 concordiam
463 4518 687 4587 ecclesiarum
713 4513 941 4587 utilissimum
965 4508 1121 4577 medium
2042 4478 2162 4551 gausa.

137 4620 312 4692 ducimus.
363 4618 444 4688 Non
463 4619 558 4687 enirn
580 4631 717 4688 tantum
739 4616 779 4684 in
803 4615 876 4683 ritu
900 4609 1042 4681 levandi
1067 4632 1123 4678 sa·
1175 4588 1224 4676 S.
1249 4600 1294 4672 t).
1348 4598 1552 4671 Clarissima
1577 4599 1636 4670 vir
1665 4611 1700 4671 et
1731 4598 1850 4673 carisa.
1872 4598 1993 4678 frater.
2049 4602 2163 4699 Saepe

136 4720 307 4790 crementi
325 4720 432 4788 divisi
448 4742 588 4802 snmus,
614 4742 738 4787 verum
758 4730 854 4786 tanta
872 4726 923 4783 est
939 4711 1125 4781 diversitas
1177 4703 1243 4775 hos
1256 4703 1448 4774 versiculos
1463 4703 1591 4772 recito:

136 4835 244 4916 atque
264 4822 519 4891 dissimilitudo
541 4819 820 4888 ceremoniarum
851 4827 887 4885 et
909 4813 1043 4883 rituum
1067 4834 1124 4880 ec·
1225 4846 1279 4915 Nu
1298 4869 1384 4925 mm,
1409 4846 1494 4907 mu,
1507 4846 1597 4905 mm,
1611 4842 1686 4904 ,mi
1698 4840 1804 4902 Μ,
1818 4858 1945 4901 Μ

139 4924 431 5006 clesiusbcorum,
456 4923 565 4992 ferme
582 4921 620 4988 in
635 4919 802 4989 omnibus
822 4915 976 4986 ecclesiis
1001 4912 1124 4983 civita·
1275 4950 1449 5013 Humum
1463 4949 1522 5008 ΠΜ
1537 4944 1621 5029 quod
1636 4957 1671 5004 m
1684 4960 1805 5024 qnoque
1819 4938 1939 5003 christe
1973 4946 2065 5024 gertr.

138 5040 213 5095 tum
235 5016 458 5117 aliorumque
481 5024 641 5093 locorum
667 5044 729 5111 per
757 5031 871 5087 toturn
891 5009 1124 5084 Marchioua·
1226 5048 1278 5113 Tu
1292 5074 1342 5113 mo
1356 5060 1486 5112 mm
1501 5046 1658 5127 pugnem,
1684 5054 1720 5104 tu
1734 5040 1853 5103 cmm
1876 5047 2026 5125 mm,

138 5139 237 5208 tum,
263 5143 303 5198 ut
327 5152 384 5197 eas
408 5149 594 5195 numerare
619 5121 702 5192 satis
724 5140 800 5189 non
821 5115 1020 5207 possimna'
1057 5110 1126 5183 Per
1234 5138 1240 5161 =
1278 5138 1460 5213 munim
1472 5146 1816 5229 mumfflffip„
1829 5156 1910 5213 ,m
1979 5184 1982 5189 ,

137 5229 245 5298 talem
268 5243 384 5300 nutem
409 5231 503 5320 piam
528 5225 714 5321 Synodum
739 5232 774 5291 et
801 5214 994 5305 legitimam
1015 5214 1126 5304 possit

136 5328 230 5409 fieri,
269 5328 420 5399 maxime
449 5330 566 5423 quoad
595 5321 831 5406 ceremonias,
868 5313 1057 5385 concordia
1091 5324 1127 5384 et
1181 5333 1387 5354 --······

137 5428 352 5514 similitudo,
377 5453 482 5522 quam
498 5451 635 5501 summe
654 5424 825 5520 petimus,
850 5432 885 5491 et
900 5412 995 5489 nihil
1015 5415 1126 5511 magis
1211 5428 1303 5504 uste
1315 5421 1551 5499 nuque-capsum
1562 5430 1614 5477 aa.

1243 4299 1266 4371 †
1283 4297 1322 4352 Es
1339 4315 1432 4370 apogr.
1451 4298 1480 4352 in
1498 4295 1562 4352 eod.
1580 4294 1666 4352 Paris.
1683 4292 1721 4350 D.
1738 4292 1772 4348 la·
1791 4293 1853 4351 δί’.
