4776 6024
56 69 99 211 ι’
576 111 1068 199 sacramentnm
1099 115 1238 196 nnn
1273 117 1421 199 reas
1444 120 1594 203 uass.

83 228 162 404 hilii
199 322 550 411 Venithamburgum.

72 492 76 497 -
103 457 163 531 22.
199 445 437 533 Exspatiaturin
450 445 795 519 Scholaml'crteasam.

105 573 164 638 28.
200 565 369 629 Declaratio
386 562 616 648 Theologorum
630 571 665 628 in
681 579 842 632 consentu.
894 566 1047 651 Theolcgi
1060 590 1100 632 ax
1118 564 1229 634 Suavis
1243 567 1352 633 frustra
1366 578 1573 649 expectantur·

104 683 164 754 24.
199 683 377 748 Melanthon
393 681 605 766 Witebergam
618 686 705 748 redit.

95 799 165 866 lun.

56 974 65 987 ,
102 921 163 989 26.
200 913 401 1000 Desponsatio
416 917 557 982 almo
571 898 709 980 Latiari.

101 1034 163 1103 lut.

129 1160 164 1220 7.
200 1149 346 1217 Lithiasis
359 1152 548 1219 Melanthoni
564 1159 633 1218 satis
648 1161 774 1243 molesta
788 1169 843 1220 est.
895 1153 1040 1218 ailbertus
1054 1152 1256 1232 Hardenbcrg
1275 1170 1320 1221 est
1336 1156 1542 1241 Witebergaa.

81 1283 165 1471 Αζ4
203 1370 347 1456 Alberto,
372 1373 455 1439 Dnoi
469 1373 622 1458 Prussiae,
650 1378 752 1446 scribit
766 1375 804 1439 da
818 1374 1027 1460 componenda
1040 1383 1241 1445 commis
1255 1375 1483 1444 Ostendam„

107 1512 167 1576 29.
201 1495 377 1563 Nordlmsae
391 1503 594 1562 controversia
606 1512 651 1563 ast
667 1499 704 1563 da
719 1502 893 1561 necessitate
907 1500 1057 1561 bonorum
1072 1520 1198 1582 operum
1213 1496 1405 1566 adsalutem.

202 1612 353 1679 Bremaa
343 1627 454 1679 starum
467 1630 607 1681 moratur
620 1622 824 1682 controversia
836 1617 874 1679 da
886 1638 979 1680 coena
993 1639 1084 1685 sacra

80 1725 165 1813 Sept.

69 1862 73 1869 ·
137 1852 169 1913 1
204 1835 306 1900 Procli
319 1809 535 1919 paraphrasin
525 1861 559 1898 m
573 1834 737 1901 Ptolemaei
754 1836 1015 1922 Quadripertitum
1031 1839 1108 1918 edit,
1136 1851 1166 1901 et
1181 1840 1262 1902 dicat
1274 1841 1386 1901 librum
1402 1837 1651 1904 Cummasstadio.

138 1969 168 2029 1.
204 1953 330 2017 Dolscio
345 1959 446 2017 scribit
460 1961 619 2037 epistolam
633 1964 882 2040 nuncupatoriam
896 1960 933 2020 ad
946 1956 1092 2021 Senatum
1105 1957 1289 2020 Hallensem.

113 2089 169 2150 10.
205 2071 404 2135 Proficiscitur
416 2071 573 2157 Lipsiam,
600 2089 631 2140 et
647 2078 719 2140 inda
735 2101 806 2140 cum
822 2076 991 2141 camerario
1011 2075 1178 2142 Grlmmam
1192 2095 1223 2144 et
1236 2079 1397 2156 Misniam,
1424 2091 1458 2140 ut
1478 2082 1638 2161 explorent
1653 2077 1782 2142 scholas.

111 2207 169 2269 20.
207 2191 286 2257 Cum
301 2191 469 2257 camerario
485 2199 681 2277 proficiscitur
694 2201 728 2258 in
740 2194 884 2260 Scholam
899 2195 1083 2263 Portensem.

97 2316 169 2384 Oct.

138 2444 170 2505 3.
205 2426 380 2511 Respondet
392 2429 603 2514 Eperieuaibns
618 2439 652 2495 in
665 2433 821 2518 Hungaria
833 2434 872 2498 da
887 2437 1088 2497 controversia
1104 2428 1345 2496 aLauterwaldo
1360 2447 1453 2496 mota.

114 2551 176 2643 14.
205 2548 315 2613 Probat
336 2556 370 2612 in
394 2558 522 2634 epistola
543 2556 582 2616 ad
597 2553 772 2637 Calvinum,
809 2557 891 2641 quod
905 2555 1065 2635 Servetur,
1100 2557 1195 2655 homo
1210 2556 1420 2638 blasphemus,
1453 2557 1656 2634 amagistratu
1673 2549 1845 2611 interiectus
1861 2562 1922 2626 est,
1958 2563 1986 2612 et
2003 2553 2103 2612 scribit

256 2657 347 2714 simul
363 2675 415 2715 our
428 2659 508 2718 nolit
522 2676 585 2718 sese
601 2662 767 2722 immiscere
782 2661 1000 2722 controversiae
1014 2660 1051 2720 da
1064 2679 1157 2720 coena
1171 2678 1261 2723 sacra.

111 2778 168 2840 22.
206 2769 318 2856 Agitur
332 2776 368 2836 da
382 2772 487 2838 Sabini
498 2779 597 2841 reditu
611 2782 645 2840 iu
660 2777 857 2844 Academiam
871 2778 1153 2862 Regiomcntanam.

107 2896 168 2958 27.
206 2888 430 2954 conmemorat
442 2907 571 2957 mortam
586 2891 710 2978 Georgii
726 2894 949 2975 Melanthonis,
976 2899 1023 2957 sul
1038 2901 1139 2977 patris.

91 3003 171 3070 Nor.

114 3123 170 3191 14·
207 3125 332 3190 Senatui
347 3126 505 3198 Ratisbon.
520 3129 680 3210 respondet
697 3129 734 3191 de
754 3134 1065 3192 excommunicatione
1087 3128 1167 3192 etde
1184 3133 1300 3210 usuris,
1325 3128 1362 3190 da
1378 3128 1488 3212 quibus
1504 3122 1605 3190 Nicol.
1625 3121 1730 3186 Gallus
1746 3130 1976 3188 controversiam
1995 3132 2102 3191 movit.

207 3246 276 3308 Hoc
291 3269 392 3319 mensa
409 3243 628 3328 Christophoro
641 3246 799 3310 Pannonio
814 3246 948 3329 (Pieris)
961 3251 1063 3310 scribit
1077 3244 1292 3332 praefationem
1304 3251 1337 3309 iu
1352 3245 1506 3309 Ciceronis
1522 3248 1681 3306 orationes.

207 3363 319 3427 Scribit
332 3368 452 3447 prolixe
465 3365 503 3426 ad
518 3360 662 3426 Ioannem
678 3365 880 3447 Frldcricum‚
906 3364 1024 3429 Ducem
1040 3365 1253 3447 Pomeraniaa‚
1279 3348 1315 3429 de
1330 3379 1409 3429 recta
1422 3354 1614 3429 instituendis
1630 3362 1736 3425 studiis
1751 3364 1915 3426 literarum.

45 3575 50 3583 ι
110 3482 169 3546 26.
208 3480 355 3566 Georgius
369 3505 388 3545 a
400 3478 560 3567 Kunlreim
578 3487 672 3565 petit,
696 3486 755 3546 ιὶ5ὶ
771 3485 942 3567 desponsari
955 3487 1192 3570 Margaretham,
1217 3493 1311 3553 filiam
1324 3485 1466 3551 Lutheri.
1572 3464 1574 3469 Ι

46 3596 49 3613 ²
95 3591 172 3658 Dea.
492 3616 497 3623 ’

115 3722 171 3784 ta·
207 3720 367 3785 intercedit
382 3723 461 3804 apud
476 3720 638 3785 Albertum
651 3720 770 3787 Ducem
787 3724 923 3788 Prussiae
946 3748 1001 3810 pro
1018 3724 1150 3810 Georgia
1173 3724 1377 3838 ultumum,
1404 3735 1438 3787 ut
1461 3729 1490 3785 ei
1510 3725 1697 3806 permittatur
1718 3723 1943 3806 matrimonium
1958 3746 2027 3786 cum
2043 3730 2104 3789 lilia

258 3821 397 3887 Lutheri.

209 3941 407 4007 Commendat
420 3945 637 4003 enarrationem
647 3939 789 4004 Hecubae
803 3940 958 4024 Euripidis
972 3950 1113 4028 scriptam
1127 3967 1144 4006 a
1157 3941 1311 4008 Matthaeo
1328 3942 1489 4009 Heuslaro.

116 4052 173 4119 25.
207 4059 311 4122 Refert
325 4059 363 4120 ad
373 4056 566 4139 Augustum,
593 4057 712 4122 Ducem
726 4058 840 4129 Saron.
853 4058 999 4124 Electoris
1012 4076 1122 4126 statum
1134 4061 1305 4123 scholarum
1318 4054 1392 4144 quas
1413 4063 1584 4141 inspexerat
1597 4078 1666 4118 cum
1680 4018 1865 4159 Carnerario.

41 4258 46 4270 .
115 4175 173 4236 at.
208 4178 380 4260 Respondet
396 4176 574 4259 quibusdam
590 4154 850 4244 concionatoribus
869 4180 1040 4243 mFrancsa
1052 4180 1088 4242 de
1103 4185 1164 4244 ritu
1178 4181 1377 4247 elevationis
1367 4203 1400 4240 ιιι
1416 4200 1509 4242 coena
1525 4199 1615 4240 sacra.
1702 4254 1705 4259 Ι

209 4294 333 4360 Calculo
350 4295 464 4355 laborat
477 4291 665 4377 Melanthea.

994 4605 1152 4682 ANNO
1188 4611 1319 4688 1555.

110 4697 175 4764 Ian.

144 4827 176 4887 1.
211 4810 284 4875 Mel.
301 4815 408 4894 gratias
421 4808 576 4893 cgitDuci
589 4808 781 4872 Pomeraniaa
796 4829 852 4892 pro
868 4831 992 4874 munera
1008 4826 1142 4895 accepto.
1193 4809 1341 4884 Sabinus,
1367 4816 1421 4896 qui
1434 4835 1464 4875 se
1481 4816 1514 4872 in
1529 4762 1657 4872 exilimn
1676 4812 1802 4871 missum
1816 4808 1855 4865 iri
1870 4815 2019 4884 expectat,
2046 4822 2104 4862 vo·

261 4928 342 4976 catur
354 4919 387 4975 in
401 4913 595 4975 Academiam
608 4910 900 4980 Frauoofcrdianam

34 5085 657 5241 {J'2',„ttasuuonouou10masst
735 5208 738 5215 .
763 5180 773 5231 ,·
1031 5204 1035 5213 ,
1239 5206 1242 5213 ,
1379 5208 1382 5213 ,
1639 5200 1664 5219 ,,

118 5281 177 5345 12.
209 5269 386 5335 Melanthon
401 5272 578 5331 sententiam
590 5290 675 5332 suam
687 5268 789 5330 scribit
803 5265 840 5329 da
854 5272 1055 5332 ocuucrersia
1067 5202 1292 5334 Nordlrusaa
1261 5282 1325 5330 orta
1339 5269 1376 5329 de
1390 5214 1562 5335 necessitate
1577 5265 1726 5331 bettonam
1742 5275 1876 5340 opatsms
1870 5255 1918 5317 td
1933 5259 2068 5318 william·

751 5372 808 5439 d
1259 5390 1263 5398 .
