4776 6024
231 329 307 407 ets
411 309 419 317 ’
804 311 1235 396 llPlSTOLARUld
1286 315 1392 395 utu
1415 314 1514 394 Xll.
1567 312 1701 391 taos.
2160 306 2274 397 ,886

234 512 364 575 attente
382 495 548 582 cogitatae
563 515 603 564 ac
616 491 804 585 dispositae
821 491 964 584 proprio
979 501 1019 563 ac
1034 489 1219 583 perspicuo
1274 489 1427 570 dentiae,
1452 502 1488 559 et
1504 489 1543 559 in
1555 488 1679 558 multis
1694 486 1856 580 partibus
1872 486 1988 557 media
2004 487 2119 558 lorma
2134 483 2272 558 oratio-

236 622 396 677 sarmone
420 595 627 665 efferantur:
663 618 727 665 nec
747 595 793 664 sit
816 593 929 664 oratio
951 594 1124 664 tumultus
1144 590 1222 660 ina—
1274 593 1331 661 nis
1356 605 1392 662 et
1423 590 1608 661 imitabilis
1643 603 1713 676 est,
1756 603 1791 660 et
1822 590 1867 658 ad
1901 610 2126 659 communem
2161 610 2271 658 usum

236 703 335 772 nium
354 698 562 780 verborum,
596 710 655 768 aut
672 696 809 766 sonitus
824 697 1002 766 undarum
1017 694 1223 764 ferientium
1276 705 1438 763 nostrum
1462 695 1735 763 accommodata.
1792 690 1961 783 Denique
1983 691 2093 761 latine
2116 703 2153 762 et
2171 703 2275 762 reete·

235 800 399 893 scopulos
422 812 455 867 et
479 798 611 869 littora.
660 796 808 870 Necesse
826 810 898 881 est,
924 798 1041 888 aliqua
1060 794 1225 863 esseelo-
1276 793 1393 886 loqui,
1438 794 1590 863 maxime
1621 816 1662 864 ex
1696 791 1868 864 Cicerone
1903 793 2037 862 discere
2068 806 2268 885 possumus,

236 901 402 998 quentiae
419 900 547 967 studia.
601 897 673 968 Nec
688 922 751 988 ego
768 922 864 968 nunc
884 898 1012 988 loquor
1028 897 1072 963 de
1086 895 1147 962 illa
1165 917 1226 962 ex·
1276 893 1399 988 anue
1415 917 1471 965 res
1489 919 1594 990 quam
1612 895 1657 964 sit
1673 896 1877 978 necessaria,
1903 917 1978 963 non
1995 894 2187 965 obscurum
2206 906 2269 968 est·

236 1002 377 1074 celleuti
395 1000 559 1070 facultate
576 1001 717 1068 dicendi
734 997 887 1066 Periclea
904 1010 965 1067 aut
982 994 1227 1077 Ciceroniana,
1277 995 1477 1066 Plurimum
1516 1009 1632 1067 autem
1671 998 1715 1065 ad
1754 994 2024 1085 intelligendum
2058 992 2268 1066 Ciceronem

236 1128 326 1198 quae
341 1125 414 1171 non
433 1113 484 1169 est
499 1101 731 1169 mediocrium
752 1098 996 1187 ingeniorum,
1024 1099 1083 1166 sed
1102 1098 1227 1186 singu·
1279 1098 1463 1183 conducit,
1485 1119 1598 1179 posse
1622 1099 1698 1169 eius
1722 1091 1925 1171 historiam·
1971 1093 2076 1167 Hanc
2098 1094 2272 1188 exipsius

237 1205 304 1275 lari
322 1215 420 1272 motu
437 1201 558 1269 divino
575 1201 821 1270 exsuscitatur:
855 1211 894 1268 ut
911 1194 1070 1268 Achilles
1085 1211 1147 1268 aut
1166 1194 1227 1266 lu·
1278 1199 1501 1290 potissimum
1519 1199 1672 1289 scriptis,
1695 1212 1784 1268 etex
1801 1191 1992 1270 Plutarcho
2010 1212 2044 1268 et
2060 1199 2139 1268 aliis
2155 1194 2270 1268 histo-

239 1306 281 1375 lii
303 1304 495 1385 fortitudo,
528 1326 617 1395 quae
644 1325 716 1370 non
736 1299 984 1370 estsimilisin
997 1300 1135 1369 multis:
1168 1297 1228 1368 sed
1279 1301 1363 1371 ricis
1384 1300 1574 1390 diligenter
1593 1301 1795 1380 collectam,
1829 1312 1976 1391 propter
1997 1300 2189 1370 utilitatem
2212 1300 2271 1369 di-

240 1406 285 1476 de
299 1400 367 1472 hac
382 1403 560 1472 communi
577 1402 742 1472 facultate
755 1401 848 1485 dico,
868 1425 974 1494 quam
992 1411 1138 1470 naturae
1153 1420 1228 1468 non
1280 1403 1465 1486 scentium,
1490 1401 1599 1473 edidi.
1649 1399 1905 1491 Utipsaetiam
1921 1398 2271 1473 historiaeconside·

240 1519 480 1583 monstrosae,
514 1527 588 1571 nou
616 1503 778 1592 ignavae,
812 1525 886 1571 non
911 1501 1067 1570 furiosae
1092 1498 1229 1593 assequi
1281 1505 1372 1574 ratio
1389 1505 1433 1572 ad
1450 1503 1636 1574 lectionem
1651 1500 1837 1572 Ciceronis
1854 1506 2041 1574 accederat.

241 1618 409 1700 possunt,
444 1605 471 1671 si
496 1603 647 1672 discantt
687 1603 715 1671 si
742 1603 834 1672 bona
859 1602 1017 1693 exempla
1043 1603 1231 1684 intuentes,
1384 1603 1469 1673 Tibi
1485 1620 1658 1675 autemeo
1680 1605 1825 1690 dedico,
1855 1605 1937 1697 quia
1952 1619 1986 1675 et
2000 1599 2084 1674 haec
2100 1604 2217 1673 studia
2234 1617 2273 1676 te

240 1711 392 1778 formam
406 1707 489 1772 inde
504 1705 618 1774 bonae
634 1704 807 1773 orationis
823 1716 981 1787 sumant,
1003 1715 1037 1771 et
1053 1727 1129 1771 eam
1148 1700 1232 1770 imi·
1282 1706 1479 1795 intelligere
1499 1719 1531 1775 et
1548 1705 1772 1794 magnificare
1785 1706 1906 1776 audio.
1947 1703 2088 1777 Etcum
2106 1705 2171 1774 tibi
2186 1727 2269 1794 pars

243 1809 311 1878 tari
336 1808 518 1889 studeant,
549 1817 583 1873 et
609 1803 781 1873 exercitiis
804 1804 1042 1873 mediocribus
1062 1804 1233 1873 imitatio·
1283 1807 1550 1898 gubernationis
1568 1807 1604 1875 in
1622 1805 1748 1896 Regno
1765 1805 1936 1877 Polonico
1954 1807 2195 1876 commendata
2212 1806 2270 1891 sit,

243 1930 326 1979 nem
340 1906 518 1977 adiuvent.
560 1902 731 1974 Voluntas
748 1904 852 1973 etiarn
868 1904 916 1973 sit
933 1898 1080 1973 honesta
1099 1920 1132 1976 et
1146 1928 1232 1974 con·
1285 1933 1358 1979 non
1372 1909 1510 1992 dubito,
1535 1921 1569 1977 te
1584 1909 1758 1996 legentem
1770 1909 1921 1977 consilia
1935 1921 1969 1978 et
1984 1909 2136 1998 gloriosa
2155 1931 2272 1977 exem·

137 2054 140 2059 ·
245 2009 390 2079 veniens
414 2000 552 2075 homini
578 2028 652 2073 non
673 2003 819 2077 furioso.
870 2000 1032 2097 Cumque
1052 2005 1232 2076 doctrinae
1287 2012 1343 2102 pla
1367 2007 1568 2092 Ciceronis,
1608 2010 1866 2079 commonefieri
1890 2012 1934 2079 de
1955 2011 2079 2082 multis
2104 2007 2210 2105 rebus
2233 2009 2272 2077 in

245 2108 463 2203 perturbatio
489 2107 533 2176 sit
549 2106 692 2176 exitiosa
708 2102 885 2175 Ecclesiae
902 2119 936 2174 et
952 2103 1107 2196 Reipub.
1123 2106 1235 2175 velint
1286 2127 1346 2180 tua
1376 2111 1693 2183 administratione.
1757 2107 1893 2181 Consul
1918 2112 2012 2181 enim
2039 2134 2163 2200 magna
2186 2134 2273 2180 con-

247 2211 384 2281 adlerre
406 2231 515 2297 genus
531 2207 710 2276 doctrinae
730 2230 803 2275 non
819 2206 939 2289 sutile,
968 2231 1041 2275 non
1058 2207 1235 2298 pernicio-
1287 2211 1415 2284 stantia
1444 2209 1671 2280 Tribunitios
1695 2212 1833 2282 furores
1859 2213 2040 2303 repressit,
2077 2207 2169 2281 nihil
2196 2233 2273 2280 me-

246 2335 344 2392 sum,
376 2310 435 2378 sed
457 2308 561 2376 bouis
580 2307 759 2376 mentibus
784 2307 1021 2399 profuturum.
1071 2305 1235 2400 Denique
1288 2329 1389 2385 tuens
1405 2312 1502 2401 vulgi
1519 2314 1617 2381 odia:
1644 2314 1775 2383 deinde
1789 2337 1854 2384 nec
1870 2314 1962 2383 odiis
1977 2313 2183 2396 nobilitatis,
2208 2334 2276 2382 nec

247 2411 401 2500 cogitent
422 2409 520 2476 illam
544 2406 782 2477 dulcissimam
812 2408 1054 2478 definitionem
1077 2407 1236 2480 Platonis
1289 2414 1453 2507 periculis
1475 2415 1548 2483 suis
1570 2415 1758 2485 deterritus
1773 2428 1841 2501 est,
1870 2440 1941 2509 quo
1957 2418 2075 2487 miuus
2090 2413 2276 2485 seditiosos

248 2514 288 2581 in
305 2507 472 2580 Phaedro
497 2509 680 2578 traditam:
713 2506 929 2602 Eloquentia
946 2523 1017 2593 cst,
1044 2510 1123 2579 Deo
1140 2523 1237 2600 grata
1287 2517 1402 2601 cives,
1435 2511 1645 2601 Catilinam,
1678 2512 1891 2604 Lentulum,
1922 2513 2137 2608 Cethegum,
2174 2528 2277 2586 natos

247 2613 375 2706 dicere.
435 2607 645 2680 lutueantur
674 2633 756 2698 ergo
783 2610 1002 2681 voluntatem
1026 2609 1113 2690 Dei,
1147 2625 1237 2682 etse
1289 2617 1329 2686 in
1349 2617 1494 2686 familiis
1516 2617 1764 2702 nobilissimis,
1790 2619 1946 2689 tolleret:
1975 2617 2128 2690 Servata
2143 2615 2275 2701 Patria,

247 2715 445 2796 instruant,
480 2708 609 2782 utDeo
633 2724 729 2799 grata
752 2711 868 2779 dicere
891 2712 1036 2800 possint.
1090 2707 1138 2781 Et
1158 2712 1237 2805 qui·
1289 2733 1324 2789 ct
1345 2732 1416 2788 tota
1438 2720 1550 2787 lorma
1578 2717 1737 2810 Imperii:
1772 2717 1890 2790 Multa
1913 2721 2000 2790 etin
2019 2718 2275 2812 provinciasa-

250 2817 330 2886 dem
357 2825 476 2905 petant
500 2808 610 2881 aDeo
637 2824 791 2881 mentem
814 2825 847 2881 et
863 2813 1020 2902 linguam
1037 2813 1237 2901 gubernari.
1289 2820 1427 2911 pienter
1452 2832 1485 2888 et
1507 2820 1597 2891 iuste
1621 2820 1818 2891 constituit:
1858 2845 1964 2915 quam
1992 2846 2072 2893 curn
2092 2819 2277 2910 Principes

248 2914 326 2985 Hae
349 2937 452 2982 curae
475 2928 557 2984 sunt
581 2912 686 2981 utiles
711 2936 784 2982 nou
809 2925 948 2982 tautum
965 2914 1089 2982 studiis
1104 2915 1238 2984 doctri·
1291 2921 1403 3014 aliqui
1418 2917 1582 2990 Ciceroni
1602 2921 1792 2993 familiares
1815 2922 1863 2992 sic
1884 2923 2096 3014 expilare&
2132 2935 2278 3015 atqua.

249 3039 335 3094 ηδε,
361 3015 420 3082 sed
439 3015 542 3083 eliam
558 3013 729 3085 moribus.
780 3011 1047 3082 Frenantenim
1066 3016 1239 3106 praecipi·
1291 3036 1374 3093 tuor
1388 3021 1592 3093 centesimas
1607 3045 1813 3106 usurarum,
1839 3022 1876 3091 id
1890 3037 1951 3110 est,
1978 3038 2057 3094 octo
2072 3039 2107 3095 et
2122 3025 2278 3119 quadra-

142 3154 144 3158 ·
249 3131 302 3188 tes
325 3116 493 3206 impetus:
529 3128 562 3184 et
585 3114 749 3203 cogitatio
770 3114 1007 3205 periculorum
1026 3117 1139 3186 adfert
1156 3140 1240 3185 con·
1291 3123 1388 3212 ginta
1404 3145 1529 3193 aureos
1544 3146 1682 3193 annuos
1699 3127 1897 3196 decentum
1914 3126 2030 3195 aureis
2047 3145 2168 3197 mutuo
2186 3125 2278 3196 datis

250 3219 420 3290 tationem
434 3229 467 3286 et
483 3215 785 3296 moderationem,
819 3227 859 3285 ut
873 3215 936 3285 ille
953 3217 1127 3286 excellens
1145 3212 1240 3288 Ora·
1271 3224 1492 3314 poscerent:
1525 3224 1601 3314 ipse
1622 3218 1714 3292 nihil
1741 3225 1937 3295 formidans
1962 3213 2190 3309 offensiones,
2223 3225 2274 3294 le·

250 3333 308 3391 tor
325 3316 431 3386 dixti:
1291 3348 1370 3413 gem
1402 3323 1547 3395 Solonis
1586 3326 1761 3412 restituit,
1800 3351 1892 3419 quae
1929 3327 2014 3397 olim
2048 3328 2087 3397 in
2109 3325 2274 3406 Persico,

334 3425 503 3512 ἡᾶμαθία
525 3421 664 3511 θράσος,
692 3424 841 3509 λογισμὸς
862 3425 913 3489 scal
935 3424 1026 3492 ὄκνον
1049 3429 1142 3514 φέρει.
1293 3424 1429 3496 Graeco
1454 3438 1490 3495 et
1512 3424 1678 3498 Romano
1699 3425 1852 3520 Imperio
1873 3430 2004 3500 suerat:
2037 3443 2077 3500 ut
2098 3423 2170 3498 una
2193 3440 2275 3498 tan-

251 3517 398 3617 Necesse
422 3530 472 3586 est
492 3531 607 3584 autem
628 3517 786 3606 exempla
812 3516 927 3585 bonae
952 3519 1124 3588 orationis
1140 3542 1242 3610 saepe
1292 3542 1367 3598 tum
1387 3528 1572 3597 centesima
1593 3528 1798 3600 solveretur,
1849 3527 1981 3601 cemes
1997 3529 2101 3600 ariam
2118 3527 2276 3620 exempl.

251 3621 475 3709 multumque
507 3617 629 3705 legere.
690 3615 762 3686 Nec
795 3617 923 3686 melius
959 3633 1009 3688 est
1042 3622 1242 3713 exemplum
1292 3628 1558 3718 ingratitudinis
1579 3625 1775 3716 humanae,
1806 3631 1925 3722 legens
1949 3632 2095 3702 exilium
2117 3631 2209 3715 eius,
2243 3641 2280 3701 et

254 3720 391 3816 scriptis
416 3708 625 3800 Ciceronis,
667 3741 741 3784 non
774 3729 913 3787 tautum
948 3719 1056 3789 latine
1083 3721 1241 3791 dicendi:
1292 3753 1431 3799 necem:
1475 3744 1509 3800 et
1536 3731 1704 3821 cogitabis
1732 3733 1775 3801 de
1805 3731 2059 3824 ingratitudine
2089 3728 2279 3803 hominum

252 3823 313 3892 Sed
347 3819 451 3890 ellam
490 3818 696 3887 formandae
729 3818 902 3887 ordilonis
928 3818 967 3888 ln
992 3821 1073 3890 {llll-‘s
1098 3822 1240 3911 linguis.
1292 3824 1551 3921 erngEUM:
1583 3847 1617 3904 et
1639 3833 1863 3904 confirmabis
1883 3836 2043 3904 animum
2066 3834 2280 3924 coglldllom

252 3921 349 3994 Utile
364 3934 434 4004 est,
461 3917 616 3988 Graecos
633 3918 738 3985 etiam
757 3941 979 4008 cognoscere:
1004 3946 1155 4015 quorum
1173 3924 1241 3994 suit
1292 3933 1486 4005 voluntatis
1503 3930 1587 4016 Dei,
1620 3948 1660 4005 ut
1681 3935 2038 4006 benefaciametart,
2053 3931 2279 4005 hominum„

252 4023 443 4113 singularis
481 4021 518 4088 in
555 4013 621 4087 hoc
655 4041 780 4108 genere
807 4019 1008 4107 diligentia,
1041 4020 1241 4110 Isocratem,
1292 4033 1428 4102 etiamsi
1446 4035 1547 4103 multi
1564 4039 1633 4105 sint
1648 4037 1778 4126 ingrati
1792 4036 1867 4107 Deo
1881 4050 1917 4107 et
1933 4033 2154 4107 hominibus.
2195 4033 2281 4107 Post

252 4124 460 4203 Platonem,
482 4115 770 4191 Demosthenem.
810 4117 877 4188 Sed
896 4121 938 4189 ad
956 4145 1060 4192 usum
1080 4138 1241 4194 nostrum
1293 4146 1441 4203 mortem
1456 4134 1612 4206 Socratis
1625 4139 1799 4222 scribunt,
1825 4134 2017 4210 exhibitam
2032 4161 2106 4208 esse
2123 4137 2287 4226 Tragos-

251 4222 434 4295 Ciceronis
451 4215 580 4289 Oratio
607 4222 904 4290 accommodatior
931 4237 998 4291 est:
1030 4248 1105 4293 non
1126 4226 1241 4295 solum
1294 4235 1387 4303 diam
1413 4236 1458 4304 de
1479 4234 1683 4323 Palamede,
1722 4240 1760 4307 iu
1786 4263 1855 4332 qua
1877 4234 1963 4310 haar
1985 4242 2093 4310 verba
2118 4240 2279 4313 luerunt:

252 4323 491 4419 quianecesse
513 4334 579 4399 est,
614 4346 679 4390 nos
700 4322 810 4408 magis
830 4323 881 4390 uti
908 4322 1028 4412 lingua
1049 4325 1177 4411 latina,
1203 4327 1242 4396 in
1294 4327 1478 4421 ἐχῑάγεῃ,
1520 4332 1686 4410 imiimi
1706 4335 1779 4411 adv
1804 4338 1958 4436 &moy
1986 4335 2168 4435 ἑηήνων,
2208 4331 2281 4432 „lp

253 4425 486 4517 explicatione
497 4421 694 4490 difficilium
710 4424 1047 4494 controversiarum:
1065 4424 1126 4496 sed
1138 4429 1257 4498 etiam'
1294 4429 1438 4528 ἀηδόνα
1463 4433 1598 4511 οὐδένα
1623 4434 1840 4535 βλάψασαν,
1899 4441 2283 4526 lngerfecigfig‚in10„.

253 4528 368 4597 forma
394 4521 580 4593 Orationis
601 4519 853 4590 Ciceronianae
879 4511 1020 4616 planiol·
1043 4542 1108 4612 est,
1136 4554 1241 4621 quam
1293 4538 1438 4622 lecistis,
1465 4539 1613 4627 Graeci,
1636 4543 1810 4634 optimum
1827 4539 2063 4629 Graecorum,
2082 4541 2285 4625 lusciniam,

252 4650 394 4719 graeca,
421 4622 832 4712 ct¹m⁸llpr⁰P0m⁰dum
846 4626 1243 4699 medisinterPlatoni-
1295 4662 1385 4730 quae
1414 4642 1591 4710 neminem
1617 4643 1729 4714 laesit.
1797 4641 1947 4736 Optime
1968 4645 2116 4714 meritus
2139 4655 2215 4712 erat
2237 4642 2282 4711 de

254 4743 351 4812 cam,
379 4726 587 4796 lsocrateam
604 4736 637 4792 et
653 4718 974 4800 Demosthenicam.
1012 4721 1124 4797 Plato
1138 4754 1250 4819 gran-,
1294 4742 1406 4829 patria
1421 4739 1564 4826 Cicero,
1595 4758 1630 4815 er
1649 4747 1693 4814 de
1715 4759 1790 4816 1010
1811 4744 1986 4836 lmpfflo,
2023 4742 2277 4837 ggpifflgiggime

253 4829 335 4898 dior
346 4842 398 4897 est
411 4841 444 4895 et
458 4826 587 4894 multas
602 4826 814 4915 peregrinas,
832 4829 997 4896 obscuras
1011 4841 1044 4897 et
1058 4851 1158 4918 saepe
1169 4832 1243 4900 iro·
1295 4837 1512 4930 deprehensa
1534 4857 1567 4913 et
1590 4870 1753 4936 oppressa
1776 4848 1961 4921 seditione.
2011 4845 2083 4917 Pro
2097 4842 2164 4916 lroc
2178 4852 2277 4913 tauto

253 4931 350 4999 nicas
365 4929 619 5017 disputationes
635 4925 708 4996 suis
722 4928 889 5017 operibus
902 4927 1036 5000 intexit.
1061 4924 1245 5031 Isocrates
1295 4942 1463 5010 berteficio
1480 4960 1598 5034 postea
1615 4950 1802 5036 expellitur
1819 4951 1906 5018 urbe
1914 5000 1926 5034 ,
1953 4972 2027 5018 uon
2043 4948 2156 5018 solum
2171 4943 2282 5012 unius

253 5034 401 5101 sortasse
417 5028 524 5097 nimis
537 5027 842 5120 anxiecomponit.
869 5022 1134 5099 Demosthenes
1143 5032 1246 5103 valde
1294 5044 1422 5133 perditi
1439 5047 1630 5116 nebulonis
1646 5021 1787 5133 scelere:
1811 5053 1869 5121 sed
1889 5051 2002 5121 multo
2017 5047 2127 5138 magis
2141 5043 2284 5114 Princi.

255 5144 399 5222 argutus
424 5141 485 5198 est.
537 5127 579 5197 ln
596 5121 767 5198 Cicerone
782 5128 1014 5220 perspicuitas
1033 5145 1084 5202 est
1099 5155 1246 5205 summa.
1295 5168 1380 5234 pum
1415 5146 1687 5237 ingratitudine,
1729 5154 1791 5244 qui
1824 5177 1905 5221 eum
1933 5167 2048 5242 tegere
2070 5149 2285 5220 debuerunt·

253 5231 302 5304 Et
319 5253 523 5328 quanquam
540 5230 577 5296 in
587 5231 786 5299 forensibus
798 5231 1130 5325 orationibussaepe
1139 5258 1245 5326 gran·
1295 5243 1378 5316 Post
1393 5263 1543 5340 mortem
1560 5246 1660 5334 lolii,
1687 5277 1767 5321 curn
1782 5254 1917 5343 optimo
1935 5251 2086 5323 consilio
2104 5248 2286 5322 Ciceronis

184 5404 192 5408 .
254 5335 385 5405 disest:
403 5347 521 5404 tamen
537 5332 669 5424 ubique
684 5354 794 5421 genus
809 5335 1172 5427 sermonisproprium
1184 5353 1245 5420 est,
1296 5348 1524 5421 fundamenti
1561 5355 1655 5443 pacis
1697 5376 1819 5425 rursu·
1853 5355 1942 5424 iacta
1975 5338 2124 5437 essent)
2154 5349 2288 5422 sancita

254 5449 288 5504 et
311 5435 348 5503 in
374 5436 500 5522 ordine
526 5434 767 5503 membrorum
786 5433 937 5506 multum
953 5437 1094 5508 consilii
1110 5450 1144 5525 et
1159 5460 1245 5530 pru·
1296 5443 1484 5545 ἀμνηστίᾳ
1511 5454 1622 5522 veteri
1647 5456 1808 5548 exemplo
1831 5453 1966 5528 Attico:
2000 5450 2184 5526 Antonius
2207 5474 2287 5522 eum
