4776 6024
671 248 1107 325 EPlsTOLARUM

933 437 988 497 16.
1007 427 1067 494 1111.

920 519 1091 550 Μ

94 259 168 335 tta

90 426 163 501 No.
181 422 294 500 5483.

102 521 273 555 m

444 587 750 677 Academicis,

159 750 269 832 Scripta
291 746 403 871 publius
420 744 453 828 T:
468 746 502 801 ll.
522 764 549 817 p.
561 746 605 828 ΩΟ.
624 729 794 801 -Ἤάἰάἰ
815 745 1025 829 διηοιιώοᾶαηι
1039 766 1092 801 no-

197 838 273 873 mme
315 818 387 872 endu
410 815 522 878 sdrtsm,
550 833 614 885 quus
642 814 849 871 Melantbonem
868 835 926 871 esur
950 826 1090 872 auctorem

202 907 275 950 esse,
292 903 448 958 persuasum
460 883 558 939 babeo.

95 1040 235 1116 Rector
268 1039 483 1114 Academiae
517 1037 834 1141 Witebergensis,
862 1039 928 1139 D.
963 1037 1022 1112 M
1023 1041 1090 1113 el-

402 1140 535 1216 clrior
560 1139 784 1216 Feadius.

205 1287 305 1368 Quem
320 1309 380 1348 uon
396 1292 515 1349 virtutis
530 1300 668 1367 egentem

202 1393 332 1453 Abstulit
346 1402 407 1450 arra
425 1391 487 1452 dies
502 1404 532 1450 et
548 1391 654 1451 funere
665 1394 767 1451 mersit
783 1390 910 1451 acerbo!

95 1523 210 1616 inquit
225 1519 360 1590 Aeneas
374 1508 607 1590 de'Pallante.
636 1515 674 1587 ld
690 1543 787 1589 nunc
804 1520 841 1587 in
861 1513 929 1588 boc
943 1517 1086 1609 publico

95 1628 189 1697 luctu
212 1646 293 1690 vere
316 1622 389 1691 dici
412 1634 527 1712 potest
550 1623 595 1689 de
611 1617 711 1689 Duce
728 1619 892 1693 Electore
912 1618 1086 1691 Saxoniae

94 1725 252 1817 principe
272 1716 491 1808 Mauritio,
530 1746 634 1815 quem
663 1746 738 1792 non
762 1723 904 1795 virtutis
928 1733 1085 1811 egentem

94 1827 238 1897 abstulit
259 1839 335 1896 atra
356 1825 430 1895 dies
446 1838 478 1894 et
493 1825 619 1893 funere
632 1824 756 1894 mersit
769 1826 907 1899 acerbo.
966 1821 1087 1893 Fateri

93 1929 189 1999 enim
212 1950 354 1997 necesse
378 1940 448 2012 est,
477 1926 585 1996 fuisse
608 1928 646 1995 in
669 1950 710 1997 eo
732 1929 861 1999 multas
875 1926 1085 1996 excellentes

91 2029 226 2120 ingenii
241 2033 361 2117 dotes,
384 2045 418 2101 et
430 2030 584 2119 egregias
600 2028 758 2102 virtutes.
809 2027 972 2100 Pellebat
988 2027 1084 2095 enim

92 2131 260 2218 consilio,
292 2144 327 2201 et
346 2132 493 2219 cogitata
520 2155 598 2200 cum
626 2130 744 2224 aliqua
768 2131 939 2222 dignitate
965 2126 1086 2222 eloqui

89 2247 245 2324 poterat,
277 2248 312 2304 et
339 2233 377 2301 in
399 2233 703 2321 bellisgerendis,
734 2234 773 2301 in
790 2233 1015 2314 dimicando,
1045 2228 1084 2296 ln

89 2330 418 2425 oppugnationibus
446 2334 621 2403 industria
651 2358 690 2403 ae
711 2334 852 2405 solertia
874 2333 958 2404 vicit
978 2330 1084 2405 etiam

92 2456 197 2502 senes
211 2433 328 2501 duces.
376 2418 447 2502 Nec
463 2434 718 2529 ignavusuerat,
744 2437 804 2504 sed
820 2435 942 2505 omnia
957 2457 1083 2526 specu-

93 2535 239 2602 labatur
261 2534 356 2624 ipse,
386 2556 533 2602 acauno
547 2535 709 2622 proximo
728 2560 811 2604 cum
820 2537 941 2626 paucis
955 2532 1084 2627 equiti-

91 2637 163 2705 bus
184 2635 229 2702 ad
244 2631 413 2704 Turricas
437 2635 555 2726 copias
570 2658 680 2726 prope
693 2636 854 2720 accessit,
879 2649 920 2705 ut
935 2647 1084 2728 qtrantae

89 2748 225 2820 essent,
251 2749 286 2805 et
307 2759 398 2829 quae
421 2750 511 2806 esset
531 2735 689 2805 locorum
706 2736 973 2829 opportunitas,
1000 2758 1084 2806 con-

88 2840 271 2907 sideraret.
322 2835 512 2908 Fortitudo
536 2836 681 2907 veroin
708 2839 828 2908 multis
849 2838 976 2928 pugnis
997 2862 1083 2907 con-

89 2952 206 3032 specta
227 2951 280 3010 est
302 2939 341 3007 in
358 2937 476 3008 Gallia
500 2928 534 3008 et
554 2938 593 3006 in
611 2936 817 3024 Pannonia,
841 2939 903 3008 ubi
920 2954 1002 3011 ante
1018 2963 1083 3007 an·

90 3066 156 3111 nos
178 3041 315 3135 aliquot
338 3040 456 3111 subito
476 3037 736 3111 circumventus
757 3063 776 3109 a
798 3054 915 3110 turma
930 3037 961 3138 ¹)
983 3039 1082 3110 Tur-

92 3145 164 3213 cira
193 3143 363 3215 acerrime
393 3165 429 3213 se
452 3142 626 3226 defendit,
658 3142 795 3235 aliquot
818 3135 948 3215 Turris
971 3142 1082 3211 inter-

88 3246 206 3330 fectis,
229 3270 309 3315 cum
332 3245 371 3313 in
391 3257 490 3314 tanto
506 3244 663 3334 periculo
679 3244 749 3313 fnit
763 3244 917 3335 collapso
934 3268 1026 3336 equo
1039 3254 1083 3313 ut

90 3344 209 3417 hostes
226 3347 361 3417 fuerint
380 3370 462 3419 urm
484 3345 707 3436 oppressuri,
738 3345 802 3439 qui
824 3346 939 3415 multo
963 3346 1103 3435 plures

90 3463 211 3535 erant,
243 3449 314 3518 nisi
339 3448 446 3518 unius
469 3447 608 3517 comitis
630 3445 699 3515 fide
725 3461 760 3517 et
780 3442 911 3517 virtute
933 3446 1082 3539 repressi

91 3564 221 3622 essent.
277 3549 365 3619 Fuit
384 3549 422 3619 in
444 3548 688 3620 iurisdictione
699 3546 824 3618 'iustus
846 3562 881 3619 et
903 3549 980 3619 siue
1006 3554 1088 3618 sae:

95 3650 202 3722 vicia.
231 3646 281 3719 Et
294 3649 424 3741 privati
436 3672 550 3720 mores
567 3648 696 3740 placidi
711 3662 746 3720 et
759 3649 909 3727 modesti
926 3651 1082 3724 suerunt.

97 3751 241 3839 Ingenii
267 3750 409 3820 bonitas
437 3752 541 3823 etiam
564 3751 602 3820 in
625 3747 691 3820 bac
711 3775 750 3821 re
773 3752 929 3844 conspici
954 3751 1083 3843 potuit,

95 3854 194 3945 quod
214 3852 590 3925 doctrinarum'sttidia
610 3866 645 3925 et
666 3853 788 3942 magni
812 3853 896 3923 fecit
911 3865 946 3923 et
962 3853 1083 3947 muni-

95 3955 160 4023 fice
180 3954 277 4030 fovit.
328 3951 497 4028 Pietatem
518 3947 726 4045 etiam'erga
740 3951 857 4024 Deum
874 3950 998 4041 in'boc
1016 3979 1082 4046 po-

94 4069 226 4125 stremo
251 4077 361 4144 agone
383 4056 752 4149 perspicue‘ostendlt.
819 4053 910 4126 Nam
934 4051 1003 4126 boc
1026 4056 1083 4126 bi-

92 4159 230 4241 duum,
262 4159 475 4249 quo·victor
504 4171 583 4250 post
612 4174 767 4252 pugnam
802 4171 978 4250 superstes
1003 4157 1083 4244 fuit,

90 4260 314 4354 consumpsit
331 4259 369 4327 in
393 4261 610 4332 confessione
631 4256 710 4352 pia'e
725 4259 910 4330 doctrinae
922 4274 957 4330 et
971 4259 1009 4328 in
1024 4258 1083 4328 in-

90 4360 280 4431 vocatione
293 4360 357 4430 filii
371 4358 458 4449 Dei,
481 4360 627 4432 Domini
641 4361 755 4430 nostri
774 4359 853 4431 lesu
864 4350 1021 4445 Christi,
1047 4373 1083 4430 et
1097 4402 1103 4411 ·

91 4463 204 4532 multa
225 4463 284 4554 pia
302 4465 469 4535 mandata
485 4463 619 4559 dedic„
643 4461 742 4532 Talis
760 4485 840 4531 cum
857 4462 965 4532 fuerit
981 4484 1083 4552 prae-

92 4564 183 4632 sidio
204 4588 279 4634 esse
291 4577 326 4634 et
342 4565 478 4657 patriae
493 4577 526 4634 et
541 4561 754 4635 Germaniae
770 4566 938 4632 adversus
953 4561 1083 4633 Turci-

93 4685 155 4732 eas
179 4665 393 4756 irmptiones
417 4681 452 4738 et
477 4666 516 4734 in
536 4665 616 4734 aliis
641 4665 797 4735 motibus
822 4662 1013 4755 potuisset,
1051 4664 1082 4734 si

91 4765 239 4855 longius
256 4767 348 4837 vitae
368 4768 524 4858 spacium
546 4767 579 4835 ei
601 4789 803 4836 concessum
827 4780 925 4842 esset.
973 4764 1083 4836 Dole-

92 4889 173 4937 mus
194 4867 306 4957 igitur
326 4869 521 4939 extinctum
544 4891 634 4953 esse,
666 4882 700 4938 et
720 4868 802 4960 quia
824 4881 877 4938 tot
891 4868 1083 4938 virtutibus

90 4982 259 5040 ornattrm
282 4970 481 5063 principem
503 4970 540 5038 in
561 4970 637 5062 ipso
654 4969 778 5038 aetatis
793 4968 881 5037 flore
896 4970 1083 5039 immatura

91 5081 206 5141 mo'rte
224 5072 390 5161 'extingui
410 5071 609 5142 miserabile
628 5083 698 5152 est,
728 5082 762 5137 et
775 5068 859 5159 quia
875 5069 1007 5140 iustum
1024 5083 1085 5153 est,

91 5194 160 5241 uos
175 5173 304 5242 amisso
318 5173 464 5244 domino
482 5174 613 5263 lugere.
662 5167 855 5239 Doleamus
872 5169 997 5255 etiam,
1021 5193 1086 5259 ps·

90 5273 200 5355 [riam
219 5288 253 5346 et
270 5272 501 5345 Germaniam
517 5273 581 5343 tali
594 5273 683 5343 duee
699 5270 858 5340 orbatam
876 5289 961 5354 esse,
985 5267 1087 5339 cuius

121 5433 154 5498 ¹)
173 5431 288 5490 Tutus:
313 5437 428 5509 smnio,
451 5434 598 5500 mendam
614 5443 703 5492 turns
714 5433 761 5494 rel
772 5428 852 5487 turbs
865 5423 1019 5502 legendum.

1164 246 1270 328 ΗΒ.
1315 250 1413 325 xtt
1465 246 1599 326 1658.
2078 259 2149 329 126

1150 422 1325 492 industria
1340 437 1375 495 et
1389 423 1501 493 virtus
1508 425 1552 492 ad
1562 447 1785 494 communem
1795 424 2036 494 defensionem
2048 432 2142 497 mul-

1149 539 1225 596 tum
1242 527 1407 614 prodesse
1421 526 1604 617 potuisset.
1655 518 1874 596 Adficiamur
1888 526 1994 596 etiam
2016 528 2142 600 dolore

1147 625 1389 696 nobilissimae
1415 626 1574 716 coniugis
1599 627 1710 720 ipsius
1736 642 1771 698 et
1794 626 1900 702 filiae.
1960 626 2031 699 Sed
2055 636 2139 723 quia

1145 724 1222 796 Deo
1255 752 1321 797 nos
1353 731 1597 820 obtemperare
1629 751 1769 798 necesse
1795 743 1868 812 est,
1907 751 2138 819 agnoscamus

1145 853 1370 898 communem
1383 830 1636 915 infirmitatem,
1660 844 1694 902 et
1709 831 1752 898 de
1768 830 1881 899 causis
1896 832 2135 913 calamitatum

1144 930 1279 1019 generis
1296 925 1472 1000 humanae
1488 933 1698 1023 cogitemus,
1724 945 1758 1001 et
1772 954 1911 1000 oremus
1925 933 2040 1005 filium
2053 935 2135 1018 Dei,

1143 1046 1183 1100 ut
1197 1032 1307 1101 leniat
1320 1056 1522 1119 aerumnas,
1548 1049 1582 1103 et
1597 1047 1712 1105 servet
1726 1034 1820 1105 inter
1834 1055 1899 1103 nos
1915 1034 2048 1129 aliquas
2064 1033 2134 1105 Ec-

1143 1134 1268 1202 clesiae
1289 1133 1469 1227 reliquias.
1523 1134 1571 1207 Ut
1588 1150 1706 1207 autem
1720 1136 1802 1207 Dux
1824 1136 1901 1226 ipse
1916 1136 2073 1205 discessit
2091 1162 2133 1206 ex

1058 1312 1061 1319 Δ
1141 1228 1207 1303 hac
1224 1235 1294 1305 vita
1311 1230 1366 1304 bis
1383 1238 1521 1307 duabus
1536 1252 1671 1308 erectus
1686 1237 2011 1321 consolationibus,
2037 1241 2133 1329 quod

1141 1335 1180 1404 in
1203 1359 1306 1405 cansa
1328 1352 1428 1426 gusta
1449 1351 1484 1409 et
1499 1342 1694 1409 necessaria
1708 1341 1914 1410 defensione
1928 1338 2061 1432 patriae
2075 1363 2133 1407 ar-

1142 1459 1199 1505 ma
1221 1438 1343 1526 gessit,
1369 1453 1403 1508 et
1427 1444 1523 1533 quod
1540 1465 1574 1509 se
1590 1443 1662 1511 filio
1678 1441 1745 1512 Dei
1759 1442 1916 1510 moriens
1931 1464 2014 1510 vera
2027 1440 2132 1510 invo-

1140 1539 1278 1607 catione
1295 1553 1335 1614 ,et
1349 1541 1417 1609 fide
1433 1543 1710 1613 commendavit:
1736 1543 1786 1613 ita
1802 1565 1869 1612 nos
1886 1566 2028 1636 quoque
2042 1536 2130 1613 haec

1139 1640 1251 1733 ipsius
1272 1640 1366 1710 bona
1394 1644 1602 1731 cogitantes,
1635 1644 1809 1715 leniamus
1832 1644 2070 1724 moesticiam,
2097 1660 2130 1715 et

1141 1755 1277 1812 tuentes
1296 1754 1416 1813 nostra
1443 1747 1597 1834 pericula
1613 1746 1749 1838 privata
1768 1760 1802 1817 et
1815 1746 1976 1837 publica,
2000 1748 2130 1815 arden·

1139 1843 1210 1912 tius
1240 1867 1383 1916 oremus
1412 1845 1526 1915 filium
1547 1845 1634 1931 Dei,
1673 1861 1713 1917 ut
1735 1842 1799 1916 has
1821 1847 1981 1936 regiones
2003 1860 2038 1916 et
2062 1871 2129 1916 nos

1137 1958 1299 2035 protegat
1321 1960 1355 2017 et
1375 1948 1560 2042 gubernet.
1612 1945 1858 2019 Celebrabitur
1873 1948 1976 2019 etiam
1993 1971 2127 2018 memo-

1138 2048 1191 2116 ria
1215 2048 1386 2120 virtutum
1409 2048 1519 2142 ipsius
1543 2052 1587 2119 ad
1610 2063 1786 2142 posteros,
1812 2063 1847 2123 et
1861 2045 2127 2120 haeevoluntas

1138 2149 1380 2220 defendendae
1403 2152 1539 2242 patriae
1560 2148 1706 2223 honesta
1728 2151 1814 2238 fuit,
1840 2151 2043 2246 quicunque
2061 2152 2130 2220 fuit

1138 2249 1263 2324 exitus.
1311 2250 1417 2322 Scitis
1440 2254 1535 2322 enirn
1558 2269 1705 2327 naturae
1724 2278 1865 2334 vocem,
1892 2253 2035 2348 quaein
2049 2250 2127 2322 llo-

1137 2351 1227 2420 meri
1252 2354 1407 2424 carmine
1431 2356 1614 2426 recitatur:
1651 2352 1696 2427 uti
1718 2352 1753 2427 oi
1769 2349 1885 2434 ἀεικὲς
1900 2351 2128 2448 ἀμυνομένῳ

1136 2448 1219 2548 περὶ
1236 2447 1376 2550 πάτρης
1389 2449 1593 2548 arducium:
1629 2481 1693 2547 pro
1708 2457 1821 2547 patria
1835 2479 2001 2546 magnum
2018 2457 2127 2524 decus

1137 2569 1190 2643 est
1215 2556 1428 2646 profundere
1451 2559 1572 2631 vitam.
1624 2557 1676 2627 Ac
1693 2558 1782 2646 grati
1798 2551 1891 2625 hanc
1905 2554 2124 2625 voluntatem

1136 2657 1364 2730 celebremus.
1416 2657 1560 2747 Quanta
1582 2660 1677 2755 enirn
1696 2657 1886 2727 crudelitas
1902 2656 1947 2725 ab
1964 2649 2126 2727 hostibus

1136 2773 1336 2828 exerceatur
1350 2760 1447 2827 cerni
1464 2772 1577 2849 potest
1598 2760 1636 2828 in
1654 2758 1784 2828 vicinia
1801 2757 2037 2847 Noribergae,
2061 2757 2125 2826 ubi

1136 2859 1272 2952 aliquot
1291 2860 1421 2951 oppida
1436 2861 1509 2950 igni
1528 2885 1673 2951 prorsus
1691 2862 1805 2932 deleta
1830 2873 1931 2945 sont,
1956 2859 2042 2928 etin
2059 2881 2125 2947 op-

1136 2961 1221 3050 pido
1246 2959 1393 3032 Aldorlf
1414 2963 1554 3034 circiter
1574 2965 1752 3055 octoginta
1775 2957 1938 3032 homines
1957 2959 2124 3031 incendio

1135 3064 1331 3161 perierunt.
1372 3060 1571 3137 Consilium
1588 3067 1698 3157 igitur
1720 3063 1865 3136 arcendi
1885 3076 1959 3134 tam
1974 3057 2127 3134 borreu-

1135 3165 1218 3234 dam
1239 3167 1470 3238 vastationem
1493 3191 1513 3238 a
1533 3171 1646 3261 patria
1661 3169 1814 3260 iustum,
1839 3165 1940 3258 pium
1957 3179 1992 3237 et
2006 3186 2127 3235 neces-

1135 3268 1266 3336 sarium
1283 3268 1363 3344 fnit.

1235 3368 1342 3440 Nunc
1363 3395 1426 3441 vos
1447 3367 1651 3459 hortamur,
1683 3386 1724 3443 ut
1745 3370 1900 3463 pericula
1923 3365 2067 3457 publiea
2092 3378 2126 3432 et

1135 3470 1545 3560 privata,consideretis,
1585 3488 1620 3545 et
1639 3487 1773 3544 mentes
1794 3471 1837 3540 ad
1863 3466 2125 3539 invocationem

1135 3567 1202 3640 Dei
1219 3573 1436 3659 exuscitetis3
1463 3597 1520 3658 ac,
1550 3587 1591 3642 ut
1605 3597 1721 3643 mores
1739 3571 1867 3661 regatis
1880 3569 2015 3641 maiore
2030 3587 2128 3652 cura,

1135 3671 1369 3743 consideratio
1400 3669 1576 3743 humanae
1596 3673 1811 3743 infirmitatis
1834 3673 1939 3744 etiarn
1961 3693 2025 3740 vos
2047 3693 2126 3737 mo-

1135 3787 1233 3859 veat,
1275 3774 1376 3844 cuius
1408 3775 1447 3844 in
1473 3770 1542 3846 hoc
1567 3788 1641 3846 toto
1669 3775 1762 3845 bello
1788 3773 1901 3841 multa
1926 3768 2125 3840 tristissima

1135 3876 1294 3968 exempla
1307 3875 1445 3964 videtis,
1461 3878 1505 3948 'ut
1519 3877 1677 3969 cogitetis
1693 3899 1850 3946 versum:
1877 3869 2034 3940 accidere
2049 3867 2126 3936 cui-

1135 3977 1189 4046 vis
1213 3991 1327 4070 potest
1347 3982 1443 4072 quod
1468 3981 1631 4073 culquam
1646 3978 1783 4051 accidit.
1834 3968 1990 4043 Oramus
2008 3980 2125 4038 autem

1135 4079 1248 4149 filiurn
1270 4079 1338 4152 Dei
1363 4095 1436 4151 toto
1461 4095 1617 4172 pectore,
1644 4095 1685 4152 ut
1710 4075 1774 4149 has
1794 4074 1973 4166 regiones,
2006 4082 2041 4141 et
2059 4092 2125 4138 nos

1136 4205 1259 4251 omnes
1285 4196 1445 4274 protegat
1467 4197 1501 4252 et
1520 4183 1712 4273 gubernet,
1743 4178 1835 4250 sieut
1852 4174 1988 4270 inquit:
2020 4194 2125 4242 nemo

1135 4284 1248 4376 rapiet
1267 4305 1351 4353 oves
1368 4306 1463 4353 meas
1478 4308 1519 4353 ex
1536 4284 1701 4355 manibus
1718 4280 1817 4355 meis.
1848 4348 1853 4355 ,
1869 4275 1938 4349 Die
1958 4273 2015 4348 16.
2032 4271 2127 4356 lulii,

1134 4407 1230 4454 anno
1250 4379 1359 4459 155³.

1390 4593 1509 4602 ψ-.
1790 4586 2123 4604 ...Μ

1144 4714 1211 4790 Νο.
1228 4713 1346 4792 6484.

2000 4725 2057 4788 17.
2067 4716 2129 4795 lut,

1437 4885 1488 4978 d.
1516 4887 1825 4977 Hammeum.

1206 5027 1290 5101 Epist.
1307 5030 1355 5085 lib.
1369 5030 1406 5085 ll.
1424 5048 1451 5103 p.
1464 5031 1526 5087 298.
1546 5033 1603 5099 (ed.
1614 5029 1703 5086 Laod
1720 5026 1771 5084 lib.
1780 5027 1816 5082 ll.
1834 5044 1876 5098 ep.
1887 5026 1972 5097 tou).

1294 5167 1350 5240 D.
1376 5163 1648 5241 Gutlhelmc
1669 5165 1978 5241 Hausmanuo

1139 5287 1188 5376 S.
1214 5298 1258 5373 Ι).
1308 5298 1521 5370 Venerande
1542 5297 1589 5376 D.
1610 5292 1844 5389 Guilhelme,
1879 5299 1970 5371 Cum
1990 5297 2029 5364 in
2050 5318 2129 5366 am-

1140 5399 1290 5495 plissimi
1310 5413 1452 5472 senatus
1475 5402 1588 5475 literis
1606 5405 1768 5501 proxime
1783 5400 1917 5485 missis,
1940 5410 2129 5497 postquam
