4776 6024
777 324 1047 406 ANNALES
1079 328 1264 406 VITAE
1296 328 1431 409 MEL.
1484 328 1615 411 1553.

264 597 272 617 .
306 545 502 610 'l'ilemannus
517 537 699 604 Hesshusius
718 544 910 602 renunciatur
927 538 1044 605 Ductor
1060 541 1247 627 Theologiae
1268 546 1305 606 ab
1319 544 1485 607 Academia
1498 540 1741 630 Witehergense.
1793 544 1927 629 l'agellas
1945 547 2158 631 disputationis
2173 555 2210 616 de

356 647 455 708 dioto:
481 648 572 725 gratis
590 645 753 706 venundati
769 649 856 722 estis,
883 649 974 724 gratis
996 647 1204 726 redimemini,
1228 650 1345 729 scripsit
1362 645 1552 712 Melanthon.

177 1315 179 1321 ¹
271 1286 278 1301 ⁵
312 1325 435 1389 Bellum
447 1329 525 1386 inter
539 1324 717 1389 Mauritium
732 1324 902 1390 Electorem
917 1339 948 1390 ot
960 1323 1124 1389 Albertum
1138 1323 1346 1391 Marohiouem
1359 1325 1531 1393 Brundeub.

246 1451 279 1512 6.
314 1442 469 1505 Eduardus
483 1440 553 1506 Rex
567 1443 698 1526 Angliue
713 1450 849 1508 moritur.

246 1567 279 1628 7.
315 1561 438 1626 Coniux
451 1559 655 1626 Melanthonis
670 1577 740 1649 post
753 1564 862 1625 febrim
876 1563 966 1625 hahet
979 1564 1065 1625 initia
1077 1563 1234 1645 hydropis.

248 1683 281 1748 9·
315 1679 420 1762 Pugna
432 1683 510 1741 iuter
524 1676 701 1744 Mauritium
715 1694 746 1746 ct
761 1678 923 1745 Albertum
936 1700 1032 1764 prope
1047 1678 1140 1742 l'eino
1153 1683 1203 1741 rel
1217 1676 1466 1758 Sievershausen,
1492 1683 1547 1741 ubi
1563 1662 1721 1741 Mauritius
1733 1673 1844 1736 lethale
1857 1683 1972 1762 accepit
1986 1682 2106 1745 vulnus.

223 1803 279 1863 11.
314 1797 475 1862 Mauritius
487 1802 625 1860 moritur.

250 2022 281 2080 1.
316 2015 470 2098 Scriptum
484 2020 522 2080 de
537 2015 672 2081 Stanoari
685 2022 885 2082 controversia
895 2020 989 2079 mittit
1002 2014 1173 2081 Marchioni
1183 2015 1238 2081 Br.
1248 2017 1399 2098 ¹Electori,
1425 2032 1455 2081 et
1464 2018 1528 2080 -hoo
1543 2037 1644 2077 menso
1658 2016 1761 2077 maricis
1778 2017 1849 2079 suis.

249 2135 281 2200 6.
318 2133 492 2217 Augustus,
524 2133 599 2200 Dux
622 2134 739 2201 Saxou.
761 2133 899 2216 Elector,
930 2141 1012 2199 venit
1027 2134 1255 2218 Witebergom,
1282 2142 1496 2221 confirmatque
1517 2135 1702 2198 dotationem
1722 2129 1905 2194 Academiae
1927 2128 2101 2195 aMauritio
2123 2135 2212 2200 lintre

366 2239 486 2300 iactam.

225 2357 283 2419 10·
317 2354 421 2437 Regiis
435 2358 529 2417 literis
545 2351 724 2419 Melanthou
739 2357 850 2419 iterum
864 2366 987 2417 vocatur
1001 2358 1034 2417 iu
1050 2352 1205 2438 Angliaua.

272 2509 282 2530 .
317 2471 470 2536 Palatinus
484 2469 605 2535 Elector
620 2472 846 2536 Melanthonem
860 2487 949 2537 vocat
960 2476 993 2533 in
1008 2475 1145 2555 patriam.

227 2590 284 2652 17.
318 2589 426 2652 Terrae
440 2603 541 2652 motus
556 2587 692 2653 Misniae.

225 2710 284 2772 20·
319 2705 490 2772 Conventus
515 2720 560 2769 est
581 2703 724 2788 Lipsiae,
751 2711 807 2771 ubi
829 2711 906 2790 regis
920 2703 1029 2770 Danioi
1051 2723 1081 2771 et
1096 2712 1226 2771 aliorum
1239 2713 1412 2791 principum
1427 2709 1518 2788 legati
1532 2705 1570 2767 de
1583 2726 1658 2787 paco
1671 2724 1741 2766 cum
1758 2699 1884 2766 Alberto
1900 2699 2075 2768 Marchioue
2089 2711 2213 2795 eiusque

368 2813 457 2870 sociis
472 2808 609 2868 facienda
621 2820 724 2887 agunt.

252 3032 283 3090 1.
318 3023 497 3088 Praefatur
486 3047 520 3086 ιιι
532 3026 644 3085 librum
658 3020 779 3086 Nicolal
791 3021 930 3105 Asclepii
943 3021 1076 3089 Barbati.

207 3149 284 3210 11.
317 3141 495 3205 Melanthea
511 3141 549 3203 ad
562 3136 729 3223 Georgium
741 3139 963 3204 Anhaltiuum.
991 3142 1142 3223 „lostitui
1165 3143 1404 3226 propositiones,
1430 3158 1507 3225 quae
1528 3112 1764 3223 complectentur
1780 3164 1927 3205 summam
1941 3143 2092 3208 doctrinae
2106 3144 2214 3210 Eccle-

369 3251 429 3307 sias
443 3242 521 3323 Dei,
545 3247 578 3305 in
595 3248 749 3328 quibusot
764 3241 908 3308 Osiacdri
922 3266 1054 3308 errorem
1065 3244 1241 3312 refutahost

226 3368 285 3431 28·
319 3360 453 3444 Torgam
467 3360 655 3425 Melanthoni
669 3363 917 3446 proficiscendum
931 3376 985 3425 eat.

320 3480 472 3545 Praefatur
486 3483 519 3541 in
533 3476 658 3543 Krausii
673 3482 785 3543 librum
806 3483 1042 3563 genealogicum.

255 3724 285 3781 1,
321 3701 430 3781 Maria,
455 3699 572 3784 Regina
586 3699 733 3785 Angliae,
757 3706 951 3784 inauguratur
967 3722 1071 3782 regno.

279 3879 285 3893 ,
321 3820 474 3883 Adversus
486 3815 732 3900 Scbwcnclscldr'i
754 3821 858 3882 deliria
879 3809 1005 3882 s’cribere
1026 3823 1144 3901 incipit.
1194 3817 1348 3901 Scriptum
1368 3818 1507 3882 adversus
1530 3815 1739 3892 Stonourum,
1765 3827 1849 3877 autea
1872 3819 2008 3878 amultis
2023 3817 2217 3902 descriptum,

371 3920 494 4005 Lipsiae
510 3927 592 4004 typis
609 3924 797 3986 exscribitur.

230 4055 287 4116 ῃ,
322 4036 464 4114 Georgius
481 4039 623 4120 Princeps
639 4038 823 4102 Aobolts’ous
842 4043 981 4102 moritur.
1033 4034 1211 4098 Melanthon
1228 4041 1422 4119 proficiscitur
1437 4037 1474 4100 ad
1491 4042 1554 4099 elus
1570 4038 1691 4100 fratrem
1705 4029 1903 4096 loacbimum.

322 4155 457 4218 Advenit
471 4152 616 4237 Sabinus,
643 4181 732 4239 gener
745 4156 966 4234 Melanthonls,
986 4176 1055 4216 oum
1071 4156 1185 4218 duabus
1199 4159 1278 4218 filiis.

231 4293 288 4352 00,
322 4273 453 4337 Moritur
467 4268 593 4335 lacobus
607 4272 758 4338 Sturmius
773 4272 977 4356 Argentorati.

233 4410 288 4472 31.
323 4390 419 4454 Mittit
433 4393 563 4472 pagellas
576 4392 614 4452 de
628 4389 802 4454 Mediatora.

324 4507 389 4572 Sub
404 4512 494 4570 finem
509 4506 651 4572 Octobris
667 4525 819 4607 sumptum
834 4523 878 4573 est
891 4511 1076 4593 supplicium
1089 4509 1126 4572 de
1143 4506 1267 4573 Serreto
1284 4506 1433 4576 Ganevae.

192 4741 291 4797 breio.
324 4728 461 4814 Lipsiam
475 4733 672 4813 proficiscitur
684 4732 723 4792 ad
738 4731 938 4814 explorandos
954 4733 1120 4808 studiosos,
1142 4732 1195 4815 qui
1212 4730 1333 4811 publica
1343 4731 1520 4790 liberalitate
1534 4728 1665 4791 aluntur.

237 4863 291 4925 10,
325 4849 485 4931 Sohnepfio
501 4850 620 4911 scribit:
649 4845 798 4927 „Elector
812 4846 950 4912 Marchio
965 4852 1042 4928 rult,
1066 4868 1123 4908 nec
1136 4830 1444 4930 Ιιιιιριοῑιιιιοιιιιιιιιιιιι
1455 4838 1620 4907 lslebianae
1633 4848 1859 4937 propositionis,
1885 4843 1969 4927 quod
1983 4839 2118 4906 Christus
2133 4863 2218 4904 mor·

372 4965 443 5013 tuus
459 4956 497 5013 sit
512 4951 677 5013 secundum
692 4952 825 5013 divium
840 4966 870 5014 et
884 4952 1047 5014 humanam
1062 4946 1228 5018 naturam.”
1252 4980 1300 4997 -
1355 4947 1448 5027 „lam
1464 4944 1623 5010 Stuncarus
1644 4953 1676 5008 in
1689 4942 1836 5026 Polouil,
1863 4941 2030 5026 Staphylus
2048 4948 2082 5005 in
2098 4939 2217 5022 Silesia,

375 5050 521 5134 Margitac
535 5040 713 5136 (Agricola)
727 5058 760 5116 iu
777 5054 834 5116 hac
850 5057 978 5133 ricinia,
1002 5051 1151 5115 Funcoius
1166 5056 1200 5114 in
1213 5032 1332 5115 Prusaia
1346 5068 1402 5114 troc
1416 5055 1563 5117 allauaut.
1614 5048 1764 5113 Placidius
1777 5060 1808 5111 at
1823 5068 1861 5107 ex
1878 5047 1926 5108 his
1946 5048 2117 5126 regionibus
2135 5059 2219 5107 etex

373 5156 430 5217 hac
444 5161 506 5216 rita
522 5156 687 5236 discedam,
713 5171 747 5219 ut
762 5158 865 5219 hanc
855 5162 1047 5239 rugeuiorum
1059 5159 1173 5218 rabiem
1189 5156 1341 5236 effugiam.
2157 5188 2161 5195 ·

324 5273 420 5337 Mittit
434 5295 553 5335 carmen
567 5277 599 5334 in
615 5279 734 5354 nuptias
749 5273 902 5358 Chytraei.

234 5395 292 5462 24
325 5392 443 5457 Allatus
456 5404 501 5456 est
517 5389 728 5472 Witebergam
743 5396 819 5454 liber
834 5392 871 5456 dc
885 5388 1046 5473 Trmtute,
1068 5406 1216 5457 renovans
1230 5386 1489 5521 samosateni
1435 5408 1546 5523 amores
1566 5380 1697 5465 (Serreti
1709 5380 1762 5499 ?),
1790 5404 1879 5466 quem
1894 5380 2072 5446 lllslanthou
2094 5404 2110 5443 a
2127 5381 2219 5446 Gam-

372 5516 452 5578 pano
471 5498 613 5578 scriptum
628 5507 725 5578 putat.
1958 5512 1961 5519 ·
