4776 6024
145 118 221 195 445

141 286 207 358 Νο.
223 269 334 358 5752.

147 384 359 418 Μ

967 303 1025 363 93.
1043 293 1132 359 Mart.

963 384 1131 413 Μ

514 484 560 570 S.
590 484 774 571 Rotero.

213 651 236 718 †
255 647 291 700 Er
302 665 396 720 apogr.
410 645 438 697 iu
456 647 522 701 cod.
539 646 675 703 Mebuert.
690 665 737 702 no.
750 651 773 702 4.
787 667 812 719 p.
826 648 869 703 57.

143 796 370 876 Clarissimo
386 801 480 885 viro,
500 798 700 899 prudentia
719 813 750 873 et
770 804 897 876 virtute
911 807 1133 901 praestanti,

143 905 197 978 D.
220 903 405 977 Simoni
428 900 591 984 Roter,
621 909 814 977 secretario
837 918 988 980 senatus
1008 910 1047 978 in
1075 934 1131 979 ec-

278 1005 347 1075 tcri
360 1029 441 1075 arce
457 1004 619 1088 Brenni,
645 1002 770 1100 adfini
784 1033 852 1078 suo
868 1008 996 1085 cariss.

143 1148 191 1233 S.
218 1158 261 1232 D.
317 1156 543 1244 integerrime
565 1156 637 1235 vir,
665 1171 699 1227 et
712 1158 839 1227 adfinis
855 1159 1044 1232 carissime.
1079 1159 1132 1230 De

143 1259 322 1353 republica
350 1260 412 1326 etsi
439 1259 506 1326 alia
530 1259 642 1328 rnulta
658 1258 809 1328 scribere
828 1284 984 1350 possem,
1011 1276 1129 1329 tamen

142 1361 211 1431 boc
227 1360 381 1430 iudicavi
400 1360 546 1427 maxime
560 1361 706 1447 (lignum
725 1384 797 1428 esse
817 1362 946 1444 literis,
973 1366 1068 1456 quod
1092 1365 1130 1430 in

143 1476 319 1534 conventu
341 1454 608 1553 Naoburgensi
620 1453 656 1552 ³)
678 1485 802 1530 omnes
822 1465 999 1556 principes
1014 1464 1130 1533 Duces

142 1564 336 1641 Saxouiae,
368 1557 597 1632 Marcbiones
622 1577 655 1631 et
677 1560 859 1654 Principes
882 1563 1039 1634 Hessiaci
1067 1568 1129 1633 de-

143 1679 351 1744 creverunt,
377 1687 507 1732 senon
531 1665 743 1733 discessuros
765 1689 838 1736 esse
859 1663 1128 1736 aConsessione

143 1765 369 1858 Augustana,
394 1767 484 1834 etde
501 1789 563 1833 sua
577 1766 751 1835 sententia
767 1784 967 1838 reverenter
989 1768 1033 1835 ad
1054 1766 1126 1835 lm-

143 1883 340 1958 peratorem
368 1857 547 1936 Carnium
584 1883 617 1936 et
648 1868 693 1934 acl
723 1868 867 1936 fratrem
900 1870 1127 1958 scripserunt.

142 1971 332 2040 Precemur
355 1992 477 2036 omnes
499 1967 706 2036 ardentibus
733 1969 843 2052 votis,
876 1985 915 2040 ut
937 1971 1031 2039 tilius
1057 1969 1125 2038 Dei

140 2085 273 2156 servet,
299 2068 477 2160 gubernet
493 2084 526 2139 et
546 2081 705 2160 protegat
722 2064 894 2138 Ecclesias
919 2067 1043 2139 hanun
1069 2094 1125 2138 re-

139 2175 284 2264 gionum
306 2184 341 2241 et
364 2171 550 2262 principes.
609 2168 663 2239 De
684 2171 903 2241 adolescente
930 2171 1053 2262 scripsi
1080 2173 1124 2240 ad

141 2275 258 2344 virum
275 2274 508 2341 reverendum
528 2260 849 2365 Christophorum.
899 2270 1020 2342 Debeo
1044 2272 1124 2341 urbi

140 2390 275 2447 vestrae
308 2373 580 2464 gratitudinem,
620 2374 701 2464 quia
735 2385 787 2442 est
820 2372 933 2464 patria
966 2397 1123 2442 mearum

139 2477 314 2560 filiarum,
340 2499 427 2567 quas
444 2488 482 2544 ut
506 2487 604 2565 pater
628 2464 871 2571 φιλόστοργος
896 2498 976 2543 vere
998 2475 1122 2563 diligo,

140 2593 174 2648 et
186 2591 289 2670 opto,
315 2572 489 2646 Ecclesies
505 2590 637 2644 vestras
653 2588 688 2645 et
704 2587 840 2643 nostras
856 2600 968 2644 uuum
990 2599 1062 2644 esse
1081 2577 1119 2645 iu

138 2677 228 2753 Deo.
278 2677 437 2767 Pegellas
453 2675 634 2745 concionis
649 2675 751 2744 vobis
768 2677 888 2761 mitto,
913 2700 1003 2769 quae
1017 2676 1123 2746 Priu-

139 2782 209 2874 cipi
230 2779 414 2850 Prossiaco
440 2779 477 2845 in
500 2778 626 2848 itinere
650 2778 791 2846 recitata
817 2791 887 2863 est,
913 2803 993 2848 cum
1015 2779 1124 2848 filiam

139 2883 240 2953 drmit
255 2880 505 2952 Wismariam.
556 2877 654 2950 Bene
675 2893 710 2951 ct
724 2880 874 2950 feliciter
891 2881 1014 2950 valete.
1066 2880 1125 2949 die

138 2989 199 3060 28.
220 2983 325 3057 Mart.

875 3112 1075 3212 Philippus.

142 3360 373 3376 *moon-tut·-

140 3520 206 3590 No.
226 3515 339 3590 5758.

145 3611 315 3640 w

484 3711 592 3819 cpe.
621 3711 768 3798 Libia.

208 3890 228 3952 †
246 3886 281 3939 Es
298 3902 390 3956 apogr.
404 3884 431 3936 io
447 3883 508 3940 cod.
522 3883 607 3940 Poris.
624 3883 661 3939 D.
675 3883 704 3938 b.
716 3883 750 3936 54
757 3886 777 3940 ³.

165 4036 510 4140 Christophoro
536 4035 699 4128 Libia,
737 4033 889 4110 Pastori
911 4035 1102 4113 Ecclesiae

438 4140 825 4238 Brandcnburgcnsis.

139 4283 189 4371 S·
221 4295 262 4369 D.
325 4294 535 4367 Reverende
562 4295 618 4364 vir
654 4313 689 4367 et
717 4294 833 4368 caries.
867 4285 985 4363 irater.
1043 4291 1124 4362 Pri-

138 4424 236 4468 mum
259 4395 455 4493 εὐαγγέλια
479 4399 641 4468 scribam.
694 4394 734 4465 ln
760 4408 936 4467 conventu
959 4419 1125 4489 voaavp-

137 4497 258 4599 γησίῳ
281 4501 458 4590 principes
483 4524 624 4581 omues,
659 4497 775 4568 Duces
796 4496 989 4579 Senoniae,
1024 4495 1124 4566 Mar-

138 4599 283 4671 clsioues
318 4615 350 4669 et
384 4600 567 4690 Principes
595 4598 772 4683 Hessiaci,
807 4601 1056 4677 decreverunt,
1088 4622 1124 4667 se

137 4729 209 4773 nou
228 4704 441 4771 discessuros
459 4728 531 4772 esse
555 4728 576 4771 a
603 4702 821 4771 confessione
839 4697 1061 4788 Augusteum
1088 4714 1122 4769 et

137 4810 181 4876 de
196 4801 261 4874 bac
274 4828 335 4873 sua
351 4808 523 4874 sententia
540 4804 755 4895 scripserunt
772 4816 975 4873 reverenter
988 4803 1030 4869 ad
1043 4792 1121 4872 Ca-

128 4984 140 4993 ·
157 4977 356 4992 οισι-Μ’.

74 5102 78 5107 ·
168 5069 196 5140 ¹¹)
215 5069 278 5124 Fuit
292 5068 338 5123 ille
350 5078 518 5137 conventus,
538 5070 640 5142 dequo
658 5067 767 5122 uberius
779 5067 947 5136 scripserunt
963 5063 1082 5133 Saligius
1093 5065 1120 5118 in

202 5139 266 5194 bist.
276 5142 345 5207 Aug.
360 5150 386 5193 et
400 5142 490 5208 tttou
501 5144 520 5196 a
533 5142 560 5196 ln
572 5143 614 5196 bct
633 5138 718 5205 belm.
734 5141 776 5194 tet
790 5135 890 5202 protili·
908 5136 1080 5203 tristegum,
1094 5135 1120 5189 d.

202 5209 229 5263 ⁶.
238 5208 330 5262 Martii
345 5228 411 5265 ano.
430 5212 506 5266 1555.
529 5209 598 5264 Vide
611 5204 796 5263 santionem
802 5204 873 5258 Met.
884 5203 914 5259 iu
927 5202 1040 5276 epistole
1050 5221 1120 5276 quse

197 5277 329 5351 sequitur.

719 117 1152 198 EPISTOLARUM
1206 124 1420 204 mesu.
1475 127 1606 208 1⁶55.

2098 127 2176 206 446

1188 286 1306 361 rolum
1326 291 1580 386 Imperatorem
1598 309 1633 367 et
1648 297 1692 365 ad
1706 290 1905 391 iratrem¹).
1956 291 2035 369 0ro
2054 295 2168 366 filium

1186 391 1271 478 Dei,
1304 410 1346 467 ut
1366 394 1539 468 Ecclesiae
1566 413 1600 471 et
1624 399 1801 491 principes
1833 394 1960 467 barum
1987 399 2173 488 regionum

1185 508 1354 587 protegat.
1406 497 1496 569 Urbi
1519 514 1653 569 vestrae
1678 514 1711 568 et
1733 500 1869 568 civibus
1894 500 2018 567 vestris
2043 502 2173 572 debere

1186 621 1241 665 me
1266 599 1520 686 gratitudinem
1544 602 1682 686 iudico,
1715 602 1817 692 quia,
1848 615 1887 670 ut
1909 613 2043 670 caetera
2065 602 2173 674 omit·

1185 710 1276 779 tam,
1303 699 1414 791 patria
1440 716 1492 772 est
1517 726 1673 771 mearum
1690 702 1860 786 filiarum,
1885 725 1991 794 quas,
2018 715 2059 772 ut
2073 699 2172 773 Deus

1186 801 1383 888 praecepit,
1409 803 1538 893 diligo,
1564 818 1598 873 et
1614 804 1699 887 scis,
1727 804 1898 872 divinitus
1914 803 2074 872 conditas
2097 827 2172 874 esse

1185 897 1345 998 oeopydc
1378 903 1415 970 in
1449 900 1634 974 bominum
1668 905 1882 996 pectoribus.
1942 901 2172 975 Adolescenti

1184 1018 1321 1083 autem,
1357 1005 1401 1072 de
1424 1030 1494 1097 quo
1516 1007 1658 1092 scribis,
1692 1006 1811 1075 iudico
1836 1006 1922 1075 utile
1954 1029 2028 1073 esse
2053 1006 2171 1091 initio,

1184 1118 1223 1172 ut
1240 1105 1285 1173 sit
1301 1107 1394 1195 apud
1412 1122 1669 1197 praeceptorem
1690 1108 1938 1190 domesticum3
1963 1107 2043 1175 ide‘o
2065 1129 2171 1196 geue-

1183 1228 1262 1273 rum
1279 1207 1432 1275 doctoris
1452 1204 1490 1279 V
1490 1207 1537 1276 iti
1542 1258 1553 1289 ‚
1580 1208 1790 1297 Magistrum
1808 1205 2088 1292 Sebastianum,
2115 1208 2171 1277 vi-

1183 1330 1262 1373 rum
1285 1303 1472 1378 honestum
1494 1324 1528 1377 et
1550 1326 1724 1382 amantem
1745 1311 1971 1400 discipliuae,
1995 1310 2171 1379 allocutus

1182 1432 1280 1492 sum,
1314 1408 1375 1500 qui
1400 1411 1466 1490 ait,
1498 1400 1654 1480 officium
1678 1436 1779 1482 suum
1805 1412 1906 1480 vobis
1927 1434 2001 1478 nou
2027 1411 2170 1480 delutu-

1183 1533 1262 1575 rum
1276 1532 1360 1583 esse.
1405 1500 1554 1579 Etcum
1574 1508 1644 1581 huc
1660 1511 1893 1588 adveneritis,
1917 1511 2107 1579 deliberari
2124 1512 2168 1582 de

1181 1623 1253 1679 tota
1277 1634 1316 1677 re
1339 1613 1560 1680 commodius
1579 1613 1717 1703 poterit.
1774 1608 1958 1694 Sabinas,
1992 1626 2032 1682 ut
2056 1635 2170 1702 spero,

1181 1710 1294 1779 aderit
1314 1711 1474 1809 proximo
1499 1737 1637 1798 mense,
1671 1712 1732 1806 qui
1762 1737 1841 1782 cum
1865 1714 2001 1782 venerit
2024 1715 2066 1782 ad
2094 1737 2172 1798 nos,

1179 1812 1383 1902 expatiabor
1401 1837 1479 1881 cum
1497 1811 1626 1907 fitia²).
1667 1813 1764 1885 Bene
1780 1815 1869 1889 vale.
1909 1811 1978 1884 Die
1989 1815 2052 1888 25.
2069 1813 2171 1884 Mor-

1180 1914 1230 1983 tii.
1260 1909 1376 2010 [anno
1396 1910 1529 2010 1554]
1543 1911 1577 2009 ³)
1915 2027 2103 2126 Phffippus

1279 2194 1435 2267 Salutem
1460 2208 1542 2287 opto
1556 2193 1768 2267 Reverendo
1784 2192 1829 2268 Ι).
1844 2189 2016 2276 Iactatio,

1230 2311 1264 2368 et
1287 2299 1388 2368 vobis
1409 2299 1588 2368 omnibus.
1641 2292 1735 2367 Ante
1752 2297 1910 2367 triduum
1932 2298 2015 2366 misi

1229 2392 1409 2491 pagellas:
1436 2400 1632 2493 dequibus
1655 2413 1798 2491 expecto
1832 2412 1866 2468 ct
1897 2399 2016 2491 flagito

1227 2515 1305 2572 tuos
1319 2501 1449 2573 literas.

1179 2908 1244 2977 No.
1257 2902 1370 2980 5754.

1185 3002 1356 3033 Μ

1921 2910 2002 2987 (boc
2025 2909 2143 2988 temp.)

1898 3001 2167 3040 Q&

1601 3099 1657 3184 N.
1686 3100 1740 3185 Ν.

1248 3260 1353 3319 Coosil.
1368 3262 1413 3318 let.
1427 3261 1499 3318 Part.
1513 3259 1547 3316 ll.
1561 3278 1589 3330 p.
1608 3259 1657 3312 188
1669 3278 1725 3330 sq.,
1742 3259 1790 3314 ubi
1811 3256 1983 3314 inscribitur:
2004 3293 2024 3323 ‚‚
2037 3256 2167 3311 Histori-

1282 3342 1435 3386 coaoentas
1453 3334 1615 3395 Prracrpum
1627 3329 1804 3394 Itlsamdargi
1814 3329 1921 3391 scripta
1940 3347 1959 3380 a
1972 3325 2045 3381 Phil.
2061 3325 2174 3390 Mei·'';

1281 3403 1329 3454 ssd
1346 3401 1416 3454 baud
1433 3400 1515 3453 dubie
1529 3408 1570 3453 est
1580 3396 1764 3468 fragmentum
1779 3397 1917 3470 epistolae.

1604 3545 1738 3627 Ν.Ν.

1180 3641 1296 3769 rinno
1321 3720 1340 3767 a
1355 3695 1472 3767 Natali
1497 3696 1609 3766 nostri
1625 3694 1701 3768 lesu
1716 3691 1851 3766 Christi
1868 3694 1976 3770 1554.
1987 3691 2024 3793 *)
2041 3699 2166 3770 Mense

1180 3798 1334 3884 Martio,
1358 3796 1539 3888 Naoburgi
1561 3797 1598 3865 in
1611 3798 1687 3891 ripa
1705 3796 1808 3868 Solae
1830 3813 2074 3869 convenerunt
2090 3797 2167 3869 Du-

1181 3924 1255 3981 ces,
1282 3898 1455 3969 Saxoniae
1480 3895 1624 3970 Elector
1648 3899 1849 3986 Augustus,
1886 3894 2064 3969 lohannes
2085 3899 2168 3971 Fri-

1180 4003 1319 4071 ‹lericus
1345 3999 1410 4085 ll„
1445 3996 1620 4074 lohannes
1644 3997 1888 4086 Wilbelmus,
1922 4013 1957 4070 ct
1988 3997 2167 4072 lohannes

1179 4103 1382 4174 Fridericus
1407 4101 1470 4175 lll.
1524 4101 1630 4186 ltem,
1660 4095 1886 4171 Marcbioues
1908 4100 2168 4175 Braudenbur·

1177 4229 1321 4295 gemes,
1358 4202 1501 4274 Elector
1530 4199 1728 4274 loacbimus
1756 4200 1822 4280 ll„
1855 4198 2032 4273 lohannes
2056 4204 2167 4277 frater

1179 4301 1368 4391 loaebimi,
1400 4301 1576 4375 lohannes
1600 4302 1776 4394 Georgius
1797 4304 1892 4373 lilius
1916 4301 2105 4389 loachimi,
2132 4321 2168 4379 et

1177 4407 1354 4498 Georgius
1376 4404 1579 4477 Fridericus
1600 4405 1695 4475 filius
1719 4404 1879 4493 Georgii.
1940 4403 2026 4477 ltem
2052 4407 2165 4477 Lant-

1175 4509 1286 4598 gravii
1306 4500 1472 4590 Hbssiae,
1503 4502 1712 4599 Philippus,
1753 4522 1787 4578 et
1820 4506 2037 4577 Guilielmus
2071 4509 2165 4578 filius

1175 4607 1347 4703 Philippi.
1384 4607 1434 4681 Hi
1449 4632 1573 4681 omues
1588 4610 1713 4682 foedos
1730 4604 2005 4681 haereditarium
2022 4608 2163 4681 Ducum

1170 4779 1397 4801 m

1208 4877 1236 4945 t)
1255 4874 1279 4928 ts
1292 4877 1444 4927 consessor
1455 4866 1510 4924 tuis
1522 4865 1690 4936 Naumborgi
1709 4864 1737 4920 d.
1749 4866 1776 4922 6.
1788 4864 1968 4921 Mersiiaouo
1983 4867 2061 4924 1555.
2100 4869 2164 4926 vid.

1242 4942 1361 4999 Sieidso.
1378 4948 1527 4996 comment.
1540 4956 1566 5009 p.
1582 4936 1634 4991 838
1647 4953 1690 5005 sq.

1207 5029 1236 5099 2)
1255 5027 1320 5082 vid.
1332 5041 1374 5097 ep.
1388 5025 1421 5078 at
1434 5022 1542 5077 Libium
1560 5022 1587 5076 d.
1600 5021 1627 5075 8.
1640 5017 1701 5072 lun.

1206 5104 1235 5183 5)
1254 5107 1343 5164 Uncis
1358 5109 1421 5161 soni
1433 5106 1602 5161 menlionem
1617 5100 1735 5183 inclusi,
1755 5102 1857 5178 quippe
1871 5122 1902 5162 u
1920 5105 2033 5164 arbitrio
2051 5107 2159 5164 mat.

1240 5177 1290 5249 pti.
1326 5177 1397 5231 Nem
1409 5190 1485 5229 suno
1499 5173 1576 5231 1555.
1589 5177 1692 5243 scrtpts
1702 5179 1753 5229 etl·

1205 5263 1238 5335 s>
1255 5268 1337 5318 suno
1352 5260 1432 5316 coss.
