4734 6016
236 287 309 363 115

249 454 318 531 No.
331 455 443 529 5421.

241 553 449 583 Μ

1082 458 1141 522 28.
1155 448 1228 517 lau.

1090 543 1229 569 Μ

496 617 648 705 lomb.
681 614 961 705 Canoeraria.

304 762 388 834 Epist.
400 762 433 816 ad
449 762 592 817 Gamerar.
604 779 633 832 p.
645 758 699 814 669
711 777 754 833 aq.
770 757 826 827 (sd.
837 757 929 815 Lond.
941 756 992 815 lib.
1002 757 1052 814 lV.
1066 776 1109 831 ep.
1125 756 1210 827 aaa).

238 898 462 978 Clarissimo
487 904 565 974 vira
591 897 796 973 eruditione
821 911 853 971 et
872 900 1001 973 virtute
1019 897 1231 1001 praestanti

238 999 774 1079 IoachimoCamerarto
787 1002 915 1104 fratri
931 1028 1000 1075 suo
1023 999 1230 1084 carissima,

240 1125 290 1215 S·
315 1140 361 1218 D.
395 1142 478 1212 Scio
492 1134 870 1211 inDanielaStibaro
885 1138 1049 1209 eximiam
1065 1162 1139 1208 esse
1155 1137 1228 1207 vir·

239 1256 350 1314 tutem
374 1258 409 1314 et
428 1245 532 1314 fidem
552 1260 587 1316 et
605 1266 687 1335 erga
702 1239 880 1334 Rempub.
897 1255 931 1311 et
944 1238 1138 1311 Ecclesiam
1164 1262 1231 1309 vo-

239 1346 412 1417 luntatem
425 1341 622 1419 honestam.
673 1342 825 1436 Propter
846 1339 911 1413 has
932 1367 1070 1413 caussas
1092 1364 1231 1433 semper

241 1457 276 1516 et
289 1447 396 1518 dilexi
410 1472 490 1518 eum
512 1461 548 1520 et
560 1448 716 1536 diligam.
767 1444 878 1517 Suam
897 1469 977 1535 erga
998 1470 1054 1515 me
1074 1446 1230 1515 benevo-

173 1638 176 1643 .
240 1548 388 1620 lentiam
402 1564 436 1620 et
450 1552 524 1641 ipse
542 1573 643 1640 saepe
657 1548 848 1618 declaravit
864 1570 991 1636 magna
1005 1545 1229 1616 liberalitate.

240 1647 369 1721 Fateor
405 1652 512 1740 igitur
545 1675 600 1720 me
628 1649 879 1738 gratitudinem
903 1650 934 1718 ei
956 1649 1095 1722 debere.
1150 1643 1231 1715 Hoc

241 1763 399 1842 tempore
431 1776 568 1822 caussas
590 1747 698 1821 habet
730 1752 966 1823 moderandae
998 1748 1230 1828 liberalitatis,

242 1877 350 1946 quare
366 1854 489 1921 vinum
507 1876 603 1922 nunc
617 1853 762 1921 missum
779 1875 853 1921 esse
869 1853 1018 1921 miratus
1032 1876 1121 1923 sum.
1157 1854 1229 1917 Ve-

241 1978 321 2022 rum
339 1979 380 2022 eo
403 1954 484 2045 plus
503 1955 536 2022 ei
559 1955 686 2037 debeo,
712 1956 807 2045 quad
829 1953 935 2023 etiam
950 1953 988 2021 ia
1003 1947 1070 2021 hac
1089 1951 1232 2022 Patriae

243 2055 439 2126 calamitate
467 2057 580 2125 nostri
610 2078 685 2123 uon
707 2055 939 2150 obliviscitur.
999 2049 1077 2124 Oro
1112 2067 1230 2122 autem

242 2157 357 2226 fitium
369 2153 437 2227 Dei
457 2159 639 2226 custodem
651 2153 830 2225 Ecclesiae
849 2178 950 2239 suae,
972 2169 1012 2225 ut
1033 2168 1068 2224 et
1081 2150 1232 2225 Danie-

244 2254 322 2327 lum
338 2273 371 2327 et
387 2281 452 2326 nos
464 2282 588 2326 omnes
599 2258 788 2345 gubernet,
815 2270 849 2327 et
864 2259 1015 2348 patriam
1038 2251 1095 2325 bis
1111 2255 1233 2348 perni-

244 2360 347 2428 ciosis
363 2359 465 2428 bellis
479 2360 616 2429 liberet.

343 2458 508 2530 Narratio
521 2461 564 2528 de
578 2481 695 2552 pugna
711 2454 781 2531 huc
795 2483 813 2528 a
830 2460 951 2531 multis
964 2461 1094 2552 scripta
1110 2471 1180 2545 est,
1198 2474 1234 2530 et

243 2561 355 2654 aliqui
366 2575 524 2646 narrant,
534 2585 704 2631 moxeum
713 2556 1040 2633 habiturumnovos
1050 2560 1233 2646 exercitus,

244 2659 367 2757 ὥσπερ
399 2662 438 2733 ἐν
471 2664 744 2745 στασιαστικοῖς
760 2656 912 2760 χρόνοις
932 2657 1049 2737 πολλὰ
1070 2658 1233 2757 πολέμου

244 2761 366 2839 καινά.
423 2763 533 2835 Plane
559 2779 600 2836 ut
631 2762 776 2858 Hydrae
808 2767 922 2858 capita
952 2764 1090 2837 renasci
1121 2765 1234 2838 aiunt.

245 2865 314 2938 Sed
337 2891 418 2936 cum
440 2868 666 2936 manifestum
690 2866 737 2934 sit
759 2890 823 2936 nos
839 2867 970 2935 uostris
983 2867 1236 2958 disputationi-

244 2968 313 3036 bus
334 2963 419 3034 haec
440 2979 577 3035 mutare
598 2988 671 3033 non
690 2989 811 3056 posse,
838 2980 873 3035 et
889 2968 1235 3057 summosguberna·

246 3081 340 3137 tores
356 3067 444 3136 alios
458 3067 560 3138 aliter
578 3067 762 3158 impediri,
774 3089 1002 3157 agnoscamus
1015 3069 1137 3153 fatales
1151 3092 1235 3161 poe-

246 3191 328 3254 nas,
352 3182 388 3239 et
400 3192 420 3237 a
434 3166 511 3238 Deo
528 3168 784 3258 mitigationem
802 3182 971 3260 petamus.
1023 3164 1100 3240 Oro
1123 3169 1237 3240 liliam

245 3267 335 3354 Dei,
355 3283 396 3339 ut
408 3283 460 3356 te,
487 3284 521 3340 et
536 3264 723 3343 honestiss.
738 3285 836 3341 tuam
860 3270 1047 3361 coniugem
1071 3284 1105 3341 et
1128 3286 1238 3343 totam

245 3367 440 3442 Ecclesiam
481 3371 709 3442 domesticam
747 3385 861 3442 servet
898 3374 1125 3445 incolumem.
1184 3371 1239 3444 De

246 3469 373 3544 Eburo
387 3498 504 3544 coram
519 3474 775 3568 colloquemur.
825 3471 923 3544 Bene
938 3474 1024 3548 vale.
1065 3471 1149 3550 llll.
1163 3472 1239 3549 Cat

248 3573 344 3647 lulii.

992 3675 1191 3772 Philippus.

595 3886 1111 3899 ——---.-----—·--—--.-
1117 3887 1234 3897 ---...

261 4018 328 4092 No.
344 4016 457 4094 5422.

255 4113 466 4152 Q

485 4190 680 4279 Senatui
706 4191 1005 4279 Leutnseritz.

322 4335 344 4403 †
362 4333 399 4387 Ex
414 4341 477 4389 auto
511 4332 580 4401 epha
594 4331 664 4389 atet
676 4334 706 4386 in
721 4335 785 4388 cod.
799 4331 949 4389 Laudabat.
960 4330 1013 4386 tal.
1028 4333 1086 4390 171.
1105 4335 1242 4409 descripta

355 4403 412 4458 as.
431 4403 463 4456 V.
499 4402 616 4457 «tauto.
634 4430 670 4443 -
705 4401 827 4456 liabetur
839 4400 877 4457 ibi
893 4400 1008 4472 epistola
1015 4402 1131 4460 Senatus
1146 4406 1242 4478 oppidi

352 4468 518 4524 Leutmerita
536 4469 564 4522 in
583 4468 717 4523 Bobenia
741 4471 775 4525 ad
795 4470 1018 4534 Melaatbansn,
1036 4471 1114 4527 euius
1134 4475 1243 4531 cbartae

355 4539 441 4593 literis
473 4556 575 4595 vacuae
604 4536 765 4593 Melanthea
797 4557 956 4611 respanmm
985 4540 1096 4595 Senatui
1122 4544 1242 4599 dandum

356 4603 1080 4746 iiiiii'ri'biiiiill⁹b2i2laoii⁶⁵ilii’
1100 4614 1242 4736 ‘tttltt

358 4757 523 4815 conceptum
547 4744 646 4815 egitur.
1077 4716 1087 4744 ’
1110 4699 1128 4751 q

726 4846 778 4944 A)

258 4975 512 5059 Omatissimo
542 4996 652 5086 etque
683 4980 895 5057 doctissima
919 4981 1017 5070 vira,
1047 4978 1104 5057 D.
1129 4924 1245 5055 Piti-

147 5104 151 5109 ·
367 5110 390 5157 a
422 5080 806 5175 Mataactttoat,
844 5078 1066 5159 Awdtmsbc
1101 5080 1245 5159 Vitem-

261 5082 719 5311 lmiergrestsisprincipi,
739 5187 861 5263 amico
879 5212 949 5263 sua
973 5185 1181 5297 carissima.

241 5302 377 5419 'aa
400 5320 448 5397 a.
497 5318 751 5397 suumn
771 5318 1061 5399 mnsam
1081 5296 1246 5401 arm

254 5428 345 5527 'aaa
361 5418 601 5577 anteana?
612 5412 951 5569 &tameat-a
967 5440 1025 5501 aa
1038 5428 1246 5521 paucitas

1093 4117 1228 4144 Μ

784 276 1221 357 EPlS'l'OLARUM
1271 278 1490 357 [1113.le
1519 275 1680 358 1666.

2198 280 2273 352 116

1281 445 1320 515 in
1342 441 1571 517 Academiam
1602 440 1946 533 vitembergensem,
1986 441 2163 511 bonarum
2188 440 2270 511 lite-

1280 571 1401 618 rarum
1423 569 1528 618 causa
1555 544 1713 617 mittere:
1746 545 1809 639 qui
1835 543 1981 639 quidem
2002 556 2164 634 parentes
2188 542 2271 614 cu'm

1280 648 1408 719 studiis
1425 663 1505 721 tum
1516 648 1809 719 moribuseorum
1825 646 1959 738 optime
1975 646 2178 718 consultum
2191 647 2272 716 fore

1282 764 1472 843 putarunt,
1513 749 1545 819 si
1564 749 1702 841 primae
1724 749 1924 821 autoritatis
1948 747 1988 816 in
2012 770 2053 819 ea
2077 745 2270 819 Academia

1282 853 1368 923 viris
1383 853 1734 924 commendarentur:
1759 875 1801 920 ac
1818 850 1971 942 proinde
1982 850 2015 919 'a
2031 850 2137 920 nobis
2159 850 2272 943 petie-

1281 969 1386 1042 runt,
1409 968 1450 1025 ut
1465 954 1539 1023 illis
1552 977 1694 1048 operam
1710 965 1867 1022 nostram
1886 951 1925 1020 in
1941 975 1983 1023 ea
2004 976 2043 1021 re
2065 952 2274 1023 commoda-

1281 1081 1415 1128 remus:
1442 1055 1572 1151 quibus
1594 1079 1659 1125 nos
1681 1055 1721 1123 in
1744 1068 1817 1124 tam
1838 1048 1988 1124 honesto
2005 1067 2040 1124 et
2054 1053 2273 1145 reipublicae

1281 1172 1423 1231 nostrae
1447 1156 1592 1251 perutili
1615 1157 1774 1246 negotio,
1799 1155 1872 1225 imo
1895 1156 2001 1225 etiam
2023 1154 2096 1225 illis
2112 1180 2273 1227 necessa·

1282 1264 1336 1332 rio
1357 1264 1476 1330 deesse
1501 1259 1730 1330 nullomodo
1755 1259 1952 1350 potuimus.
2013 1254 2150 1353 Multis·
2175 1259 2271 1327 enim

1283 1387 1363 1436 curn
1389 1360 1675 1455 praeceptoribus
1695 1375 1730 1431 et
1742 1360 1940 1449 magistris,
1967 1371 2043 1429 tum
2064 1360 2273 1431 custodibus

1282 1478 1317 1535 et
1340 1463 1626 1536 observatoribus
1650 1456 1736 1533 huic
1756 1462 1864 1532 aetati
1887 1485 1977 1553 opus
1991 1485 2081 1548 esse,
2105 1463 2272 1553 explora-

1283 1579 1357 1638 tum
1389 1561 1573 1638 habemas.
1624 1561 1747 1653 Quum
1769 1576 1887 1633 autern
1907 1576 1963 1648 te,
1988 1563 2045 1633 vir
2057 1563 2297 1647 doctissime·

1283 1668 1479 1760 principem
1505 1680 1540 1735 et
1561 1664 1724 1735 columen
1747 1665 1823 1735 eius
1841 1661 2052 1737 Academiae
2074 1687 2149 1735 esse
2163 1664 2272 1733 nobis

1283 1793 1489 1862 persuasum
1513 1768 1575 1853 sit,
1601 1769 1643 1836 ad
1669 1781 1702 1838 te
1727 1767 1949 1858 potissimum
1972 1768 2018 1837 de
2039 1766 2274 1837 adolescenti-

1283 1873 1351 1942 bus
1365 1871 1608 1953 scribendum,
1640 1882 1675 1940 et
1697 1870 1760 1939 abs
1783 1882 1912 1939 tetam
1933 1882 2055 1938 nostra
2077 1892 2183 1962 quara
2209 1892 2273 1957 pa·

1284 1987 1425 2043 rentum
1445 1970 1591 2055 nomine
1606 1973 1799 2063 petendum
1815 1970 2002 2056 duximus,
2028 1970 2117 2041 velis
2132 1983 2273 2040 utrum-

1285 2099 1354 2169 que
1372 2073 1630 2144 adolescentem
1647 2072 1685 2140 ia
1700 2086 1762 2143 tua
1777 2074 1847 2142 fide
1862 2097 1953 2157 esse,
1978 2086 2188 2167 tantumque
2201 2073 2275 2141 illis

1284 2179 1323 2247 iu
1340 2177 1523 2247 literarum
1540 2173 1666 2245 studiis
1682 2176 1925 2260 commodare,
1950 2188 2124 2268 quantum
2139 2176 2195 2243 v'el
2211 2190 2272 2244 tua

1285 2278 1440 2371 dignitas
1455 2276 1628 2349 sustinere
1642 2275 1773 2368 possit,
1796 2277 1852 2345 vel
1868 2277 2014 2346 illorum
2036 2298 2120 2347 usus
2135 2276 2268 2346 tulerit.

1283 2377 1363 2453 Etsi
1377 2404 1462 2450 vero
1479 2377 1532 2450 M.
1548 2372 1714 2447 Ioannes
1727 2369 1961 2474 darunt),
1986 2377 2126 2447 iuvenis
2140 2390 2175 2447 et
2190 2403 2274 2449 eru-

1285 2483 1383 2553 ditus
1402 2495 1437 2552 et
1457 2477 1646 2564 honestus,
1678 2480 1781 2551 cuias
1803 2480 1907 2550 fidem
1925 2494 1964 2561 et
1985 2479 2207 2571 diligentiam
2234 2482 2273 2549 in

1285 2584 1447 2656 docendo
1465 2578 1524 2652 hic
1539 2582 1800 2675 perspeximus,
1824 2583 2020 2677 utrumque'
2035 2582 2274 2671 erudiendum

1286 2701 1392 2780 atque
1409 2708 1551 2756 ornnem
1566 2684 1605 2753 in
1624 2696 1761 2776 patrem
1770 2688 1944 2757 tuendum
1959 2684 2128 2775 suscepit,
2152 2696 2274 2754 tamen

1287 2814 1358 2882 quo
1376 2804 1436 2863 tua
1451 2787 1566 2857 maiar
1583 2798 1634 2857 est
1651 2785 1862 2872 auctoritas,
1890 2783 1959 2857 boc
1973 2799 2093 2856 nostra
2116 2787 2211 2876 apud
2238 2801 2274 2854 te

1288 2888 1553 2961 commendacia
1580 2910 1704 2957 eorum
1729 2888 1851 2979 pietati
1881 2903 1916 2959 et
1938 2888 2066 2959 studiis
2089 2887 2274 2978 profutura

1289 3004 1341 3062 est
1353 2991 1475 3080 magis.
1526 2986 1568 3059 si
1583 2989 1703 3085 itaque
1720 3013 1786 3080 pro
1808 3002 1870 3060 tua
1893 2990 2061 3062 facilitate
2081 3003 2187 3082 atque
2205 2983 2277 3058 hu-

1290 3091 1458 3163 manitate
1481 3090 1519 3159 in
1536 3114 1612 3160 eam
1634 3114 1755 3162 curam
1778 3091 1999 3172 incubueris,
2030 3105 2071 3162 ut
2093 3082 2133 3158 hi
2156 3092 2279 3160 adole-

1290 3186 1426 3267 scentes
1439 3216 1514 3262 non
1529 3205 1666 3262 tautum
1684 3194 1889 3283 pareatibus
1903 3194 2088 3284 voluptati,
2105 3195 2166 3271 sed
2183 3197 2281 3287 quod

1292 3295 1446 3389 amplius
1466 3308 1518 3364 est
1538 3295 1755 3385 reipublicae
1771 3308 1912 3366 nostrae
1934 3297 1990 3365 vel
2011 3295 2195 3365 communi
2216 3319 2281 3387 pa-

1292 3400 1380 3471 triae
1404 3410 1614 3467 oruamento
1637 3409 1673 3469 et
1696 3396 1779 3467 usui
1802 3397 1891 3491 olim
1911 3414 1987 3467 esse
2008 3397 2163 3489 possint,
2195 3421 2280 3466 curn

1293 3503 1389 3595 apud
1419 3510 1582 3591 parentes
1614 3521 1757 3582 earum,
1790 3492 1953 3568 homines
1980 3520 2151 3570 memores
2171 3511 2280 3589 atque

1228 3614 1234 3621 '
1294 3617 1436 3694 gratos,
1460 3600 1670 3671 beneficium
1704 3601 1886 3691 posueris„
1913 3610 1989 3672 t'um
2022 3602 2066 3671 de
2098 3598 2283 3689 republica

1295 3722 1416 3779 nostra
1437 3702 1487 3775 ita
1504 3702 1652 3774 meritus
1673 3701 1801 3783 tueris,
1832 3717 1873 3774 ut
1894 3727 1960 3773 nos
1983 3702 2051 3773 tibi
2072 3701 2194 3773 omnia
2221 3704 2283 3771 de-

1294 3811 1379 3880 bere
1392 3802 1503 3876 simus
1514 3803 1759 3875 existimaturi.
1809 3801 2034 3898 Responsum
2050 3803 2204 3873 amicum
2223 3826 2284 3892 pe-

1296 3913 1414 3982 timus.
1452 3904 1687 3978 Litamiericii
1702 3905 1873 3998 postridie
1887 3908 2055 3978 teriamm
2069 3902 2115 3976 D.
2125 3903 2285 3978 loannis.

1069 4022 1244 4109 (inluta)
1296 4007 1404 4083 Auno
1421 4003 1531 4084 165³.

1578 4106 1714 4181 Consul
1731 4123 1766 4181 et
1780 4108 1931 4185 Senatus
1945 4107 2235 4183 Litomiricenus.

1763 4294 1794 4366 B

1373 4422 1633 4526 (Responsum
1659 4421 1719 4498 M
1722 4424 1772 4505 cl.
1795 4297 1854 4498 bd
1874 4424 2054 4499 Senatum
2081 4422 2211 4523 appuli

1667 4523 1905 4607 Leutmeritz.
1911 4532 1933 4620 )

1398 4674 1542 4761 Garceo
1567 4683 1645 4751 viro
1671 4683 1775 4754 doet'o
1806 4697 1840 4754 et
1866 4679 2018 4754 bonesto
2047 4705 2129 4752 cum
2160 4681 2286 4751 adole-

1295 4782 1474 4854 scentibus
1506 4779 1702 4875 hospitium
1732 4785 1897 4876 praebuit
1928 4788 2054 4855 doctor
2074 4775 2287 4866 Forsterus,

1298 4884 1353 4953 vir
1367 4879 1537 4956 honestus
1553 4898 1589 4956 et
1603 4886 1782 4975 eruditus,
1806 4888 1869 4982 qui
1884 4880 1943 4958 hic
1957 4901 1994 4958 et
2005 4884 2204 4958 Ecclesiam
2219 4885 2288 4954 da-

1297 4998 1372 5071 cet,
1399 5001 1432 5057 et
1447 4984 1586 5058 Ebreae
1598 4988 1742 5080 linguae
1756 4990 1935 5083 interpres
1951 5001 2015 5063 est.
2064 4985 2185 5083 Huius
2199 5010 2288 5057 eon-

1296 5088 1519 5160 suetudinem
1540 5113 1642 5183 spero
1664 5092 1889 5184 profuturam
1908 5090 2217 5175 adolescentibus,
2250 5113 2292 5160 ac

1296 5190 1417 5261 studia
1438 5204 1503 5283 ego
1525 5192 1724 5287 inspiciam.
1773 5191 1961 5267 Celebrate
1983 5205 2036 5263 est
2057 5207 2093 5264 et
2112 5189 2293 5265 Romanis

1330 5450 1424 5521 ‘ln'
1437 5450 1543 5513 ”visl-
1556 5466 1600 5521 stt·
1616 5450 1644 5508 d.
1658 5452 1687 5506 a
1704 5401 1867 5525 (istim.
1888 5472 1900 5479 ·-
1971 5474 1997 5481 ..
