4776 6024
756 221 1199 304 artsroaaauu·
1246 215 1354 297 tra.
1384 213 1468 328 rat
1520 210 1656 293 assa

171 247 222 324 sl
2169 217 2219 291 82

173 429 386 509 teqneoro,
410 418 452 480 ut
470 406 561 478 meis
575 400 696 475 verbis
712 411 914 472 reverenter
928 393 1075 468 Senatui
1090 414 1171 482 gra-
1223 402 1293 472 tas,
1316 386 1528 479 Apostolos,
1553 381 1716 455 Pastore⁸
1732 393 1767 457 el
1781 378 1963 461 Dotlom·
2013 385 2216 474 Freedman

174 515 246 588 tias
263 535 355 605 ngas.
405 507 520 582 Mitto
544 506 613 577 tibi
635 507 707 574 duo
726 499 937 592 exemplaria
960 496 1171 589 disputatio·
1220 504 1263 562 ut
1285 513 1369 559 suae
1383 486 1562 560 Ecclesiae
1585 487 1836 573 gubernatores
1853 491 1912 559 det
1934 487 2083 561 idoneos
2105 504 2140 562 et
2156 512 2213 559 sa-

176 618 251 701 nis,
272 613 337 686 etsi
351 634 471 703 nuper
485 631 598 680 unum
615 607 659 676 ad
681 617 715 675 te
729 602 827 687 misi,
851 623 1004 694 quorum
1019 597 1170 667 alterum
1220 593 1371 674 lutares,
1396 613 1437 660 ac
1461 585 1607 664 efficiat,
1634 599 1674 656 ut
1696 580 1804 656 huius
1825 589 1897 658 iam
1919 591 2076 660 ordinati
2096 589 2212 661 Mini-

175 716 280 790 dnbis
294 711 497 788 secretario
513 703 794 782 seminaverat
846 700 952 772 Nunc
966 701 1065 769 adest
1086 695 1171 765 illu·
1221 690 1369 764 sterium
1385 690 1432 760 sit
1447 688 1568 756 efficax
1584 699 1619 756 et
1633 687 1797 757 salutare.
1849 684 1968 779 lpsum
1983 691 2087 761 ctiam
2105 689 2212 777 „Ma-

176 816 374 892 «ἥψω,
394 813 556 904 princeps
576 802 860 898 archiepiscopus
880 794 1172 889 Meidedurgcn·
1221 793 1369 883 gistrm
1379 783 1632 861 Melchiorem''
1649 803 1682 857 et
1698 810 1798 857 suam
1807 783 2001 859 Ecclesiam
2014 786 2210 873 hortamur,

179 916 247 993 sis.
308 912 428 985 Aulici
461 924 624 992 narrant,
664 909 790 978 ducem
816 900 1018 973 Hearicum
1041 894 1172 969 Brun-
1221 907 1263 964 ut
1276 893 1396 963 iurent
1410 887 1645 979 Evangelium
1659 886 1728 958 Dei
1743 911 1831 978 pure
1845 899 1880 957 et
1896 890 2047 960 fideliter
2067 915 2211 962 conser-

180 1017 377 1090 svissnsem
398 1014 536 1085 duxisse
556 1010 749 1082 exercitum
768 1007 814 1074 ad
828 1004 872 1080 N.
886 1007 1024 1078 urbem.
1071 998 1170 1070 Beue
1222 993 1299 1063 vari
1323 1006 1357 1063 et
1378 990 1577 1084 propagari.
1624 987 1718 1059 Nam
1744 983 1812 1059 hoc
1828 989 1945 1061 officio
1960 991 2062 1060 Deus
2076 995 2211 1084 praeci·

183 1119 287 1204 vale,
311 1129 344 1187 et
360 1115 520 1187 rescribe.
571 1110 710 1202 Quarto
728 1105 832 1178 Maii.
1223 1117 1293 1186 pue
1316 1115 1353 1162 se
1381 1091 1452 1162 coli
1482 1089 1653 1181 postulat,
1684 1091 1776 1161 sicut
1804 1090 1923 1185 inquit
1950 1086 2131 1164 Christus:
2168 1091 2211 1162 ln

1223 1189 1293 1264 hoc
1309 1192 1524 1283 glorificatur
1538 1189 1646 1260 Pater
1661 1213 1778 1275 meus,
1802 1205 1843 1262 ut
1857 1192 2012 1264 fructum
2030 1193 2212 1285 copiosum
2347 1243 2350 1247 -

210 1335 1167 1372 ................-..-.---------
1223 1295 1360 1385 seratis,
1385 1307 1420 1363 et
1436 1292 1527 1362 fiatis
1542 1291 1612 1360 mci
1626 1291 1803 1383 discipuli.
1853 1288 1903 1362 Et
1914 1287 1980 1363 hac
1994 1294 2072 1364 luce
2092 1305 2213 1364 reten-

1225 1409 1279 1477 ta,
1302 1408 1422 1463 manet
1437 1389 1613 1475 Ecclesia,
1637 1405 1672 1460 et
1695 1394 1810 1463 aderit
1824 1392 1863 1461 in
1881 1416 1920 1462 aa
1934 1390 2091 1464 Ecclesia
2105 1392 2214 1478 Deus,

1038 1510 1068 1576 5.
1090 1502 1174 1565 illati.
1225 1495 1326 1565 dabit
1340 1493 1460 1563 Vitam
1476 1507 1653 1563 aeternam
1669 1493 1917 1563 invocantibus
1934 1494 2063 1584 ipsum,
2089 1508 2123 1564 et
2136 1496 2215 1584 opi-

1034 1594 1172 1624 ”W
1226 1595 1403 1666 inlabitur
1423 1594 1462 1662 in
1481 1592 1660 1663 aerumnis
1683 1587 1789 1663 huius
1803 1593 1907 1668 vitae.
1959 1594 2013 1664 lbi
2039 1595 2134 1664 enim
2150 1598 2214 1664 ad·

200 1515 268 1587 No.
280 1511 387 1587 5382.

193 1608 399 1647 Μ

511 1695 852 1782 Testimonium.

251 1876 331 1959 flia
349 1871 525 1954 autographo.
537 1871 611 1943 quod
624 1881 663 1926 est
677 1870 706 1924 in
720 1868 844 1925 biblioth.
856 1865 1025 1950 Guelpharb.
1046 1891 1080 1908 -
1115 1863 1176 1916 Το-
1230 1898 1240 1915 .

286 1946 445 2003 sumonium
467 1954 540 2012 typis
555 1950 594 1994 est
611 1938 789 2009 exscriptum,
811 1937 926 2009 exceptis
945 1940 993 2004 iu,
1010 1952 1080 2007 quae
1098 1933 1177 2003 signo

286 2017 370 2085 „-”
386 2012 556 2074 notavimus.
584 2026 652 2080 quae
666 2006 827 2063 Melantbon
839 2025 887 2060 sua
900 2023 983 2060 manu
997 2002 1125 2058 mansit.

519 2160 839 2255 (Testimonium.)

187 2301 339 2391 Gratias
361 2314 499 2404 agimus
520 2310 597 2382 Deo
618 2327 763 2382 aeterno
783 2309 876 2402 patri
892 2306 1043 2379 Domini
1065 2304 1178 2377 nostri

189 2418 274 2489 lesu
288 2412 444 2492 Christi,
470 2412 645 2482 conditori
657 2412 749 2483 coeli
770 2424 806 2481 et
827 2425 959 2495 terrae,
984 2424 1018 2479 et
1034 2407 1179 2498 angelo-

193 2540 279 2588 rum
301 2528 336 2583 et
355 2508 563 2595 hominum,
586 2526 621 2582 et
642 2513 792 2580 aliarum
816 2524 1076 2592 creaturarum,
1107 2531 1178 2576 una

194 2638 279 2689 cum
294 2612 390 2683 Filio
410 2633 475 2680 suo
488 2607 643 2680 Domino
660 2625 780 2680 noaro
799 2607 879 2679 lesu
887 2605 1036 2692 ,Christo
1052 2622 1086 2678 et
1100 2607 1182 2694 Spi-

192 2718 269 2789 rita
289 2710 520 2796 cassaneto,
546 2711 644 2803 qttod
668 2708 838 2779 immensa
860 2707 1099 2778 misericordia
1112 2703 1183 2779 Ec-

192 2814 336 2889 clesiam
366 2812 405 2881 iu
430 2809 529 2880 omni
558 2809 764 2881 aeternitate
792 2811 906 2899 ipsum
931 2810 1180 2881 celebraturam

192 2916 302 2989 etiarn
316 2914 356 2983 in
372 2906 430 2982 his
445 2910 649 3001 regionibus
665 2910 734 2978 sibi
750 2910 885 2999 colligit
901 2923 934 2979 et
950 2934 1030 2978 eum
1045 2908 1182 3001 suppli-

195 3040 250 3090 ces
272 3028 307 3086 ct
326 3013 534 3087 ardentibus
552 3011 643 3079 votis
665 3032 807 3080 oramus
822 3033 868 3079 ne
889 3009 1002 3079 lucem
1018 3032 1102 3081 suae
1115 3011 1182 3078 do-

195 3116 328 3190 ctrinae
341 3115 436 3185 inter
451 3135 517 3183 nos
528 3110 686 3200 extingui
699 3110 810 3194 sinat,
833 3111 895 3181 sed
911 3111 1077 3202 deinceps
1092 3133 1184 3203 quo·
1213 3111 1215 3116 ’

197 3242 267 3313 que
282 3217 333 3286 in
359 3210 417 3285 hia
441 3212 646 3303 regionibus
667 3206 842 3282 Ecclesiae
870 3225 968 3301 regat
994 3224 1030 3281 et
1058 3222 1184 3281 servet.

197 3317 348 3412 Propter
361 3330 396 3387 te
415 3328 556 3384 aeterne
568 3310 686 3397 Deus,
710 3325 855 3404 propter
876 3325 910 3382 te
931 3335 1048 3382 serves
1060 3306 1184 3381 Eccle-

197 3420 302 3503 siam,
327 3430 367 3489 ut
383 3430 443 3487 tua
462 3413 573 3504 gloria
589 3436 728 3505 semper
747 3426 840 3484 recte
855 3413 1061 3486 celebretur.
1112 3409 1184 3480 Te-

198 3535 333 3593 stamur
350 3530 467 3586 antem
489 3511 587 3584 hunc
604 3512 734 3583 Virum
754 3507 944 3593 honestum
966 3503 1186 3599 „Malchio-

201 3644 275 3690 ram
299 3610 532 3688 Weidmonn
549 3610 844 3695 Erlordiensem⁸⁸
869 3629 1032 3686 vocaturn
1051 3635 1125 3682 esse
1140 3614 1185 3681 ad

199 3711 641 3805 MinisteriumEvangalii
656 3714 696 3784 in
709 3710 866 3785 Ecclesia
881 3709 949 3784 Dei
965 3715 1032 3798 „in
1050 3711 1185 3808 lnclyta

202 3820 294 3892 urhe
314 3814 480 3888 Erfurdia
500 3814 691 3907 intemplo
714 3813 751 3890 S.
772 3811 976 3889 Andreae.”
1024 3812 1186 3908 Cumque

203 3918 318 4011 rogati
340 3939 510 4003 memus,
530 3930 571 3988 nt
596 3916 774 4009 explorata
800 3917 877 3986 eius
901 3914 1103 3986 eruditione
1120 3939 1187 4007 pu-

204 4020 334 4093 blicam
348 4014 624 4091 Ordinationem
648 4017 880 4102 adderemus,
903 4016 1094 4106 diligenter
1108 4040 1187 4087 eum

203 4121 407 4194 audivimus
424 4133 459 4190 et
479 4116 716 4211 comperimus
738 4140 819 4187 eum
844 4132 935 4190 recte
957 4130 1075 4187 tenere
1092 4140 1189 4188 sum-

201 4246 301 4293 mam
314 4214 534 4294 Christianae
555 4217 736 4289 doctrinae
757 4231 793 4288 et
811 4217 976 4311 amplecti
999 4217 1187 4309 puritatem

203 4447 276 4495 nna
289 4444 377 4491 voce
390 4445 472 4490 cum
486 4415 669 4490 Catholica
678 4414 835 4490 Ecclesia
847 4415 982 4490 Christi
997 4420 1192 4510 profitetur,

206 4547 276 4594 aaa
290 4520 456 4593 fanaticis
473 4520 702 4610 opinionibus
714 4520 889 4590 damnatis
911 4519 1044 4589 indicio
1059 4515 1193 4590 Catho-

207 4624 296 4694 licae
306 4619 485 4693 Ecclesiae
504 4615 639 4692 Christi
654 4616 856 4694 abhorrere.
902 4617 1072 4692 Promisit
1088 4621 1192 4691 etiam

207 4825 297 4894 etin
312 4821 428 4891 officio
446 4822 550 4891 tidem
568 4835 603 4892 et
616 4821 846 4911 diligentiam.
898 4820 1018 4911 Quare
1041 4823 1075 4892 ei
1099 4824 1192 4893 iuxta
1226 4908 1229 4912 Δ

208 4924 406 4995 doctrinam
447 4917 721 5014 Apostolorum,
776 4922 917 5015 publica
956 4919 1196 4995 Ordinatione

1237 4275 1304 4349 No.
1321 4270 1435 4345 5383.

203 4319 410 4412 Evangelii,
437 4344 543 4413 quam
563 4314 722 4389 Ecclesia
746 4332 867 4390 nostra
897 4343 971 4390 uno
994 4316 1132 4411 Spiritu
1157 4331 1192 4388 et
1246 4368 1417 4403 ww

1228 1708 1280 1765 cst
1302 1706 1338 1764 et
1359 1694 1501 1765 exaudit
1524 1691 1637 1778 Deus,
1664 1694 1725 1763 ubi
1750 1718 1817 1763 vox
1833 1690 2020 1784 Evangelii
2039 1709 2140 1765 sonat
2156 1697 2214 1764 in·

1228 1808 1393 1886 corrupta
1407 1796 1495 1864 sicut
1508 1796 1677 1886 scriptum
1695 1808 1746 1864 est
1763 1789 1838 1868 loh.
1854 1793 1934 1868 XV.
1958 1793 1998 1866 Si
2014 1797 2215 1865 manseritis

1228 1922 1267 1965 an
1282 1920 1339 1965 me
1354 1909 1388 1965 et
1403 1896 1510 1964 verba
1527 1919 1602 1963 mea
1624 1894 1661 1961 in
1684 1896 1785 1964 vobis
1803 1896 2017 1978 manserint,
2039 1896 2215 1989 quidquid

1229 1996 1425 2079 volueritis,
1442 1996 1577 2085 petetis,
1592 2010 1627 2064 et
1641 1995 1700 2063 fiet
1716 1997 1826 2068 vobis.
1858 1992 1970 2065 Datae
1981 1994 2214 2083 Witebergae

1232 2095 1368 2181 „Anno
1387 2092 1497 2170 1555.
1547 2094 1615 2165 Die
1630 2095 1755 2187 quinto
1771 2094 1860 2164 Maii
1876 2120 1947 2187 quo
1964 2096 2023 2164 die
2038 2096 2131 2166 filius
2147 2093 2216 2165 Dei

1233 2212 1341 2285 „ante
1357 2220 1469 2265 annos
1488 2192 1597 2270 1519.
1614 2196 1824 2265 admirando
1839 2189 2021 2284 triumpho
2039 2212 2215 2288 spectante

1233 2321 1386 2386 „magno
1418 2311 1520 2367 coetu
1550 2292 1805 2387 Apostolorum
1836 2310 1869 2366 at
1891 2297 2147 2389 discipulorum
2178 2299 2218 2368 in

1234 2402 1397 2485 „coelum
1415 2396 1601 2470 ascendit.”

1384 2514 1508 2585 Pastor
1527 2511 1703 2584 Ecclesiae
1728 2510 2013 2600 Witebergcnsis
2035 2528 2068 2584 et
2089 2517 2217 2585 caeteri

1378 2614 1537 2685 Ministri
1544 2612 1731 2703 Evangelii
1745 2612 1784 2680 in
1801 2612 1921 2680 eadem
1937 2609 2105 2683 Ecclesia.

1731 2724 1908 2799 lohannes
1926 2724 2167 2821 Bugcnhagen

1827 2827 1978 2914 Domum
1994 2826 2041 2901 D.

1576 3000 1604 3069 Ι.
1617 3000 1774 3066 Timothei
1793 2995 1871 3067 llll.

1334 3114 1489 3187 Attende
1504 3115 1649 3185 lectioni
1664 3109 1916 3190 adhortationi,
1939 3111 2132 3196 doctrinae,
2150 3108 2223 3180 Ne-

1282 3218 1391 3307 gligas
1412 3219 1548 3287 donum
1568 3219 1665 3309 quod
1687 3215 1780 3286 inte
1803 3227 1875 3295 est,
1903 3215 1998 3304 quod
2023 3212 2144 3282 datum
2168 3226 2221 3280 est

1283 3321 1350 3390 tibi
1374 3342 1439 3410 per
1455 3313 1684 3408 Prophetiam
1706 3339 1785 3386 cum
1810 3312 2036 3404 impositione
2051 3334 2223 3383 manuum

1284 3434 1404 3499 coetus
1420 3417 1623 3490 Saniorum.

1630 3514 1805 3588 lohannes
1820 3511 2005 3582 Forsterus
2020 3508 2084 3584 Dr.

1634 3613 1848 3703 „Philippus
1864 3608 2108 3687 Melanthea?

1631 3714 1859 3889 Selsastianus
1882 3806 2104 3883 Kossthelius
2121 3810 2173 3883 Μ.

1632 3918 1747 3991 Lucas
1760 3914 1946 3986 Hetaerius
1959 3910 2013 3983 M.

1336 3718 1460 3817 (ns.)

1236 4112 2227 4150 Μ

2094 4268 2126 4331 5·
2141 4261 2226 4326 Maii.

2092 4356 2228 4384 Μ

1545 4450 1640 4535 Iao.
1669 4444 1930 4557 Bordingo.

1311 4619 1329 4686 ᾖ
1349 4613 1386 4668 Er
1401 4630 1495 4686 apogr.
1507 4611 1537 4663 in
1553 4609 1615 4665 cod.
1628 4607 1714 4662 Paris.
1733 4609 1770 4660 D.
1785 4606 1819 4661 L.
1831 4604 1892 4660 54³.

115 4730 119 4737 '
206 4717 937 4810 hic„MagisterMelchior”indoctrina
961 4723 1192 4792 constantiam
1243 4763 1417 4839 Iacobo
1444 4755 1711 4852 Bordingo,
1749 4751 1889 4826 docum·
1912 4750 2007 4820 mis
2038 4741 2164 4821 medic·
2193 4744 2234 4815 in

1456 4860 1599 4960 inclyto
1616 4854 1733 4931 Acad.
1751 4844 2024 4930 Rostochiensi.

210 5024 495 5094 commendatum
512 5036 562 5093 est
578 5020 823 5103 Ministeriutn
840 5024 990 5093 docendi
1009 5020 1194 5114 Evangelii
1245 5004 1294 5092 S.
1317 5014 1364 5088 D.
1413 5011 1616 5082 Clarissima
1640 5008 1753 5076 viret
1777 5001 1887 5070 amice
1912 4998 2103 5071 carissime.
2154 4993 2237 5067 Scio

209 5140 242 5196 et
264 5123 493 5195 Sacramenta
515 5148 535 5192 a
562 5124 635 5193 tilio
652 5120 720 5193 Dei
743 5122 906 5192 instituta
924 5123 1197 5195 administrandi
1245 5132 1280 5189 te
1300 5137 1442 5208 quoqne
1464 5107 1530 5181 hac
1556 5105 1739 5178 notissima
1761 5098 1934 5170 sententia
1958 5098 2120 5215 Platonis
2140 5094 2239 5163 dele·

206 5225 303 5295 inxta
327 5224 561 5299 vocationem.
611 5221 773 5320 Cumque
798 5222 968 5314 scriptum
988 5224 1035 5294 sit
1056 5225 1101 5293 de
1122 5223 1196 5295 tilio
1247 5218 1352 5288 caari:
1385 5204 1530 5287 daveda
1553 5202 1603 5280 dv
1633 5203 1808 5300 παρεῖχεν
1830 5198 1970 5296 ἔρωτας
1996 5197 2019 5291 ἡ
2046 5211 2241 5314 oporatur,

209 5320 294 5397 Dei:
320 5325 515 5410 Asmndit,
544 5325 646 5397 dedit
667 5326 761 5396 dona
782 5317 1007 5410 hominibus,
1036 5317 1198 5414 Prophe·
1248 5317 1328 5388 εἴτι
1351 5313 1521 5382 τοιοῦτον
1545 5304 1678 5400 ἑαυτῆς
1702 5296 1852 5403 ἐναργὲς
1874 5298 2027 5377 εἴδωλον
2048 5312 2243 5390 nupuxsvo

263 5430 445 5498 misen.
471 5430 577 5497 Orsa.
603 5429 689 5498 Vos..
715 5427 809 5497 Vlll.

1598 5407 1622 5479 6
