4776 6024
170 213 248 287 495

171 384 268 458 Haec
288 384 383 454 bona
399 398 502 454 ornat
518 377 546 477 ³)
561 383 758 473 integritate
775 385 885 471 ritae,
911 386 1065 470 iustitia,
1088 409 1165 454 ruo-

172 489 285 560 deslia
302 503 335 557 et
355 484 522 554 omuibus
541 486 750 568 virtutibus,
778 513 863 580 quas
881 515 945 557 vox
963 490 1085 557 divina
1101 486 1166 555 fla-

173 592 271 682 gitat.
320 583 420 657 Nihil
447 602 496 654 est
521 589 707 657 amabilius
729 590 858 659 virtute
877 590 1064 659 coniuncta
1086 612 1165 658 cum

172 691 335 762 doctrina
353 704 386 757 et
404 690 567 758 facultate
584 689 724 758 dicendi
744 705 777 758 et
791 692 981 765 scribendi.
1035 690 1166 779 Quare,

171 795 235 865 ubi
254 789 349 862 hunc
367 782 677 885 Chrs'stophorum
697 793 751 859 vel
766 817 884 860 coram
902 794 956 860 vel
971 816 1011 860 ex
1028 792 1167 882 scriptis

173 919 276 967 nosse
302 893 455 985 ceperis,
497 905 557 961 tuo
583 892 713 962 iudicio
736 894 870 982 diliges.
929 892 1026 963 Haec
1048 906 1165 962 autem

175 997 298 1087 scripsi
324 1021 384 1078 eo,
419 995 536 1087 quod,
567 1018 647 1062 cum
670 994 911 1064 commendari
938 1021 956 1063 a
981 1020 1036 1062 me
1061 996 1165 1065 talem

174 1099 291 1168 virum
310 1097 543 1184 iutelligeres,
572 1119 650 1183 erga
669 1121 723 1164 me
741 1091 770 1186 ⁴)
787 1121 927 1189 quoque
950 1098 1167 1166 benevolen-

172 1202 223 1272 tia
248 1215 307 1269 tua
332 1212 529 1287 augeretur.
587 1195 685 1266 Bene
710 1211 744 1267 et
766 1199 917 1269 feliciter
942 1199 1031 1268 vale.
1090 1195 1166 1268 Cal.

132 1342 135 1346 ‡
176 1301 285 1374 lunii.
330 1297 443 1369 'Anno
468 1295 579 1372 1555.

395 1416 437 1493 C.
451 1417 495 1487 Τ.
512 1418 674 1487 addictus

685 1513 874 1610 Phitippus
895 1516 1118 1588 Melanthon.

1056 1723 1164 1736 -nur

1037 1867 1070 1927 2.
1087 1853 1157 1919 Iun.

1026 1949 1153 1977 Μ

177 1859 243 1933 no.
259 1855 375 1933 sart.
419 1962 420 1965 Ν

178 1955 385 1992 Μ

247 2059 315 2145 Μ.
345 2051 625 2163 Meienburg
653 2052 717 2136 ad
745 2051 1105 2138 Melantltonem.

246 2235 457 2304 §demades
488 2233 575 2299 ssrlsfs
604 2248 638 2287 on
668 2234 706 2288 tte
731 2231 832 2300 sintae
858 2233 885 2286 lu
911 2230 1022 2287 vinem.
1059 2231 1169 2286 vottt.

281 2327 309 2379 p.
324 2306 359 2358 m
371 2323 411 2375 sq.
431 2323 473 2372 ep.
488 2302 531 2355 33.
548 2327 584 2340 -
621 2301 731 2353 Adiects
744 2301 794 2352 tuis
807 2297 936 2370 epistolae
948 2301 980 2352 ad
996 2300 1097 2371 Regem
1111 2302 1169 2354 Da-

281 2375 341 2431 rsiae
355 2375 419 2427 haec
433 2369 574 2424 Michaelis
588 2369 769 2439 Meiersburgii
785 2367 914 2439 epistola,
937 2387 1021 2441 quare
1041 2389 1099 2423 eam
1118 2390 1166 2442 ap·

283 2439 405 2516 perdicis
418 2440 481 2496 loco
495 2437 579 2492 edidit
591 2436 775 2492 Schamaclser
790 2436 808 2491 l.
823 2437 841 2493 Ι.

387 2591 619 2691 Philippo
646 2587 963 2664 Melanthoni

182 2737 232 2828 S.
257 2750 302 2824 D.
348 2748 558 2822 Reverende
572 2744 617 2818 D.
634 2757 840 2835 praeceptor
854 2745 1069 2819 dulcissime.
1103 2741 1168 2814 Di·

182 2870 276 2926 ctum
301 2866 351 2922 est
374 2853 413 2920 in
436 2847 535 2919 Actis
557 2845 771 2938 Apostolicis
797 2849 839 2914 de
864 2847 927 2917 Dei
956 2848 1170 2936 praesentiat

181 2941 312 3050 inipso
329 2954 498 3038 vivimus,
524 2975 645 3019 sumus
660 2963 694 3019 et
711 2973 904 3020 movemur.
957 2948 1075 3040 lpsum
1103 2950 1168 3039 igi-

182 3074 242 3129 tur
266 3059 377 3127 filium
399 3053 484 3137 Dei,
515 3051 709 3121 Dominum
734 3066 894 3119 nostrum
924 3049 1039 3120 lesum
1062 3045 1169 3120 Chri-

183 3177 296 3245 stum,
321 3161 454 3228 sontem
480 3156 570 3225 vitae
592 3169 625 3223 et
645 3155 762 3223 omnis
783 3153 993 3243 sapientiae,
1020 3178 1106 3238 oro,
1131 3168 1170 3222 ut

183 3280 217 3335 te
232 3278 267 3334 et
279 3286 343 3332 nos
358 3281 480 3328 omnes
496 3258 558 3326 diu
575 3271 689 3325 servet
708 3255 914 3326 incolumes.

285 3363 389 3434 Nunc
409 3359 572 3429 adiiciam
597 3353 812 3426 horrendam
833 3357 957 3425 auditu
974 3351 1170 3435 historiam,

183 3485 288 3562 qu'am
303 3467 445 3554 dignam
463 3459 574 3528 literis
591 3460 765 3540 iudicavi,
791 3482 880 3547 qnae
905 3481 1017 3546 nuper
1037 3459 1172 3524 accedit

183 3572 222 3639 ist
248 3566 438 3645 coenobio,
472 3562 612 3628 duobus
636 3582 741 3649 supra
769 3557 940 3624 Viennam
963 3557 1172 3636 miliaribus,

183 3672 278 3760 quod
306 3661 658 3747 Klosterneurnburg
685 3670 840 3727 vocatur.
900 3654 1083 3725 Narniam
1109 3655 1171 3722 diu

183 3772 224 3838 in
245 3766 330 3836 locis
349 3763 474 3832 vicinis
498 3759 635 3852 aliquot
656 3756 884 3846 honestorum
903 3758 1061 3824 virorum
1085 3779 1165 3824 con·

187 3872 283 3960 iuges
298 3882 332 3938 et
354 3866 445 3935 filiae
461 3863 676 3931 desideratae
694 3874 795 3944 sunt,
821 3884 885 3928 nec
905 3858 1068 3949 cuiquam
1086 3881 1172 3926 con-

185 3974 284 4056 stitit,
308 3973 344 4039 in
361 3994 431 4063 quo
449 3968 529 4034 illae
545 3987 655 4052 ganeo
675 3965 833 4057 (mallem
852 3959 1045 4029 modestius
1063 3958 1173 4053 loqui,

185 4077 215 4146 si
234 4099 287 4142 res
303 4074 350 4142 ita
372 4066 493 4162 ferret)
517 4068 677 4136 laterent.
728 4064 892 4135 Ceterum
919 4063 1008 4130 forte
1028 4063 1171 4131 fortuna

142 4213 150 4222 ·
184 4176 324 4256 accidit,
344 4187 384 4243 ut
400 4173 544 4264 quidam
561 4168 680 4237 ebrius
694 4169 732 4236 iu
749 4166 880 4259 templo
897 4165 994 4233 illius
1010 4164 1172 4232 coenobii

186 4291 288 4348 nocte
308 4276 560 4343 occluderetur.
613 4270 664 4353 ts,
698 4295 776 4337 cum
801 4293 819 4337 e
844 4267 985 4357 crapula
1011 4260 1171 4335 hesterna

694 198 697 201 i
747 205 1187 306 uptsrotatttttt
1224 208 1435 288 atttxtt.
1490 209 1624 292 1555.

1224 3425 1302 3494 lete.

2135 216 2211 292 tet

1220 383 1374 474 amplius
1405 384 1628 456 dissimulare
1668 411 1741 457 non
1775 401 1903 480 posset.
1967 385 2210 460 Constitutrtrn

1220 497 1335 553 autem
1353 500 1445 570 erat,
1474 487 1545 554 illis
1563 489 1724 558 miseram
1741 491 1825 558 dare
1842 489 1930 563 neci.
1978 487 2117 582 'Aperto
2143 491 2210 560 ita·

1220 609 1287 678 que
1304 601 1410 677 puteo
1427 587 1670 674 subterraneo,
1693 605 1727 660 et
1742 592 1903 661 revoluto
1918 591 2034 681 lapide
2050 593 2096 661 ab
2111 591 2209 661 illius

1220 688 1321 770 ostio,
1338 689 1527 772 iusserunt,
1543 714 1619 759 eam
1636 715 1673 760 se
1690 692 1914 783 praecipitem
1931 695 2095 762 deorsum
2113 694 2210 777 dare,

1219 802 1259 857 ut
1274 789 1312 857 in
1329 790 1391 858 illo
1407 791 1484 860 loco
1500 791 1594 860 inter
1616 794 1803 879 cadavera,
1829 817 1918 886 quae
1940 794 2039 885 prius
2063 793 2101 862 in
2119 817 2209 864 eun-

1219 892 1298 958 dem
1318 905 1462 982 puteum
1478 894 1631 963 coniecta
1650 909 1760 977 erant,
1786 909 1990 967 moreretur.
2026 891 2101 978 llla,
2127 918 2208 964 curn

1221 1007 1368 1061 mortem
1390 994 1542 1081 effugere
1565 1019 1638 1064 non
1663 1009 1796 1087 posset,
1820 1009 1961 1088 arrepto
1982 997 2144 1080 cultello,
2171 1019 2208 1064 se

1219 1094 1334 1182 ipsum
1353 1095 1522 1179 confodit,
1547 1120 1586 1164 ac
1603 1097 1730 1166 deinde
1746 1099 1899 1188 proiecta
1914 1111 1999 1169 esta
2017 1091 2206 1167 Monachis

1219 1197 1404 1280 deorsum,
1431 1196 1590 1288 lapisque
1604 1200 1723 1268 denuo
1739 1201 1914 1269 admotus.
1964 1197 2043 1269 Hoc
2066 1213 2206 1290 peracto

1219 1297 1407 1382 sacrificio,
1435 1300 1602 1389 templum
1627 1324 1691 1391 pro
1716 1325 1834 1386 more,
1859 1317 1900 1373 ut
1918 1301 2111 1372 matutinae
2127 1321 2207 1389 pre-

1220 1399 1430 1478 restituent,
1456 1400 1617 1492 undique
1638 1415 1798 1492 apertum
1813 1416 1875 1474 est.
1928 1400 2011 1490 Quo
2028 1403 2119 1470 lacto
2136 1398 2208 1479 ille,

1220 1499 1282 1590 qui
1298 1512 1368 1568 tota
1383 1514 1485 1569 nocte
1500 1502 1671 1585 latuerat,
1693 1526 1730 1571 re
1751 1504 1905 1592 inspecta
1923 1502 1999 1570 sine
2013 1501 2113 1571 omni
2133 1498 2209 1570 dis-

1221 1599 1390 1682 crimine,
1432 1601 1560 1682 evasit,
1595 1616 1629 1672 et
1660 1604 1698 1669 in
1731 1602 1848 1671 vicino
1881 1604 2035 1694 quodam
2062 1602 2207 1692 oppido,

1221 1701 1357 1768 consuli
1375 1725 1449 1769 rem
1467 1717 1505 1773 ut
1519 1715 1612 1790 gesta
1626 1717 1726 1787 esset,
1750 1703 1920 1792 exposuit,
1944 1727 1981 1774 se
1994 1703 2111 1795 ipsum
2126 1702 2210 1770 viu-

1220 1802 1309 1870 culis
1324 1817 1358 1873 et
1374 1805 1504 1873 carceri
1526 1803 1698 1889 offerens,
1722 1804 1750 1873 si
1767 1806 1877 1873 falsus
1891 1805 2028 1874 delator
2047 1825 2209 1894 comper-
2290 1862 2291 1865 ,

1221 1916 1277 1972 tus
1300 1917 1398 1972 esset.
1456 1903 1576 1996 ltaque
1601 1919 1770 1974 cessatum
1794 1901 1886 1973 nihil
1907 1919 1976 1985 est,
2010 1919 2050 1975 ut
2070 1906 2209 1974 indica·

1221 2018 1295 2072 tum
1310 2019 1381 2073 erat
1398 2005 1582 2073 inventum
1603 2006 1739 2076 facinus
1755 2008 1879 2075 auditu
1894 2008 2040 2100 visuque
2058 2001 2209 2074 horten-

1220 2107 1317 2176 dum.
1368 2103 1520 2175 Reclusa
1550 2106 1646 2174 enim
1674 2107 1793 2192 fovea,
1826 2108 1991 2179 inventae
2020 2119 2103 2176 sunt
2128 2119 2208 2176 octo

1222 2206 1470 2293 mulierculae,
1496 2231 1622 2296 magno
1646 2231 1790 2277 suorum
1815 2233 1894 2278 cum
1912 2210 2031 2292 luctu,
2055 2231 2145 2301 quae
2162 2208 2209 2275 ab

1222 2307 1293 2384 illis
1307 2309 1351 2376 ad
1367 2321 1488 2398 stupra
1505 2325 1644 2399 raptae,
1668 2323 1702 2379 et
1725 2323 1863 2400 postea,
1888 2335 1933 2380 ne
1954 2333 2024 2404 qua
2048 2305 2115 2381 hoc
2135 2331 2210 2378 sce-

1222 2409 1276 2477 lus
1291 2424 1482 2495 emanaret,
1508 2412 1708 2481 interiectae
1728 2413 1883 2482 luertrnt.
1934 2408 2085 2502 Arrepto
2100 2407 2211 2499 igitur

1221 2509 1360 2581 Abbate
1376 2535 1455 2580 cum
1473 2526 1604 2602 septem
1622 2511 1701 2581 aliis
1719 2508 1922 2598 monachis,
1955 2526 1991 2583 et
2013 2513 2050 2581 in
2066 2510 2210 2580 vincula

1221 2613 1388 2682 coniectis
1402 2615 1588 2697 omnibus,
1612 2637 1667 2682 res
1684 2615 1849 2685 nunciata
1873 2627 1926 2685 est
1946 2614 2021 2704 regi
2037 2610 2210 2701 Augusto.

1224 2712 1274 2797 ls,
1297 2714 1416 2783 nescio
1437 2739 1483 2784 an
1505 2716 1596 2784 iusto
1613 2713 1699 2784 Zelo
1721 2739 1767 2784 au
1790 2739 1873 2784 vero
1896 2715 2052 2807 impulso
2075 2713 2211 2796 divino,

1221 2839 1281 2884 eos
1295 2816 1431 2885 vinctos
1444 2817 1576 2886 catenis
1600 2817 1636 2883 iu
1662 2840 1785 2901 currn,
1810 2839 1938 2906 magna
1962 2813 2210 2908 properatione

1221 2912 1414 3005 Augustam
1433 2918 1577 3009 perduci
1597 2918 1735 2991 iuravit.
1786 2915 1976 3001 Ceterum,
2007 2939 2114 3010 quam
2131 2939 2211 3007 pas-

1221 3020 1295 3086 suri
1311 3018 1382 3089 sint
1397 3019 1607 3089 sententiam
1623 3013 1739 3088 adbuc
1753 3016 1889 3087 nemini
1904 3030 2052 3088 constat.
2097 3015 2212 3102 Pater,

1222 3144 1382 3189 reversus
1398 3146 1438 3189 ex
1452 3119 1622 3204 Vimaria,
1644 3119 1840 3211 periculose
1855 3131 2030 3209 aegrotat3
2048 3119 2214 3189 dextrum

1223 3221 1317 3290 enim
1334 3223 1425 3292 latus
1440 3236 1491 3292 est
1506 3223 1611 3314 plane
1628 3236 1828 3307 mortuum,
1851 3221 1921 3306 ita,
1946 3235 1987 3291 ut
2006 3244 2071 3289 nec
2087 3207 2211 3309 pedem

1223 3348 1287 3392 nec
1309 3349 1454 3392 manum
1477 3349 1619 3393 movere
1639 3324 1760 3412 possit.
1810 3319 1907 3391 Bene
1929 3335 1964 3391 et
1984 3320 2133 3391 feliciter
2151 3344 2213 3389 va-

1362 3424 1428 3494 Die
1450 3439 1665 3513 pentecostes
1688 3418 1794 3493 1555.

1644 3537 1690 3623 D.
1708 3536 1753 3609 Τ.
1770 3533 1925 3607 Mirltael
1940 3531 2165 3635 Meyenb.')
2286 3577 2291 3580 ·

1225 3889 1291 3964 Νο.
1306 3889 1419 3966 5798.

1234 3987 1403 4015 &Dm

1227 4095 1496 4208 Philippus,
1534 4092 1742 4203 Landgr.
1768 4092 1834 4178 ad
1854 4093 2216 4180 Melanthonem.
2321 4134 2325 4139 ·

1296 4272 1372 4326 Edita
1390 4291 1405 4324 a
1425 4272 1497 4328 Clar.
1516 4291 1535 4323 o
1551 4271 1684 4323 Rommel
1702 4269 1731 4323 in
1752 4268 1810 4322 virs
1832 4267 1948 4339 l'lsilippi
1971 4267 2046 4322 Laud
2079 4289 2121 4325 as.
2138 4271 2216 4327 ilsss.

1330 4340 1392 4395 vol.
1406 4340 1453 4394 tlt.
1474 4361 1499 4410 p.
1512 4341 1582 4405 sot,
1602 4338 1668 4394 coll.
1687 4341 1802 4406 tttsntt
1821 4339 1906 4407 lactet).
1916 4343 1959 4395 trs
1974 4346 2045 4404 arsa
2065 4342 2218 4414 tetrarte·

2091 3909 2122 3968 3.
2144 3895 2215 3963 lun.

2079 3993 2213 4021 Μ

185 4378 392 4465 evigilasset,
418 4375 573 4453 nescius,
600 4377 779 4463 quomodo
796 4370 833 4439 in
848 4365 943 4438 hunc
961 4369 1076 4437 locum
1093 4392 1171 4458 per·

185 4482 355 4562 venisset,
382 4477 496 4566 coepit
510 4474 578 4542 sibi
599 4475 739 4559 timere,
763 4487 796 4543 et
816 4497 852 4541 se
869 4470 1102 4552 abscondere,
1129 4494 1174 4536 ue

185 4584 276 4653 lorte
300 4595 467 4670 tanquam
487 4578 546 4644 sur
568 4591 629 4645 aut
645 4577 834 4664 sacrilegus
849 4574 1064 4662 arriperetur
1080 4596 1119 4638 ac
1137 4571 1173 4636 iu
1227 4562 1523 4665 (Philippus,
1561 4559 1836 4660 landgravius
1856 4563 2024 4636 Hassioe
2047 4559 2103 4634 ed
2126 4557 2219 4634 Phi.

184 4684 375 4754 discrimen
397 4680 491 4747 vitae
516 4676 662 4748 veniret.
714 4674 804 4746 Cum
830 4674 938 4762 igitur
958 4674 1005 4741 ita
1029 4671 1174 4743 timidus
1488 4665 1629 4765 lippum
1647 4662 1962 4762 Melamhomm.)

186 4782 325 4868 isaeret,
361 4785 432 4850 duo
458 4774 640 4860 monachi,
672 4778 817 4846 reclusis
847 4776 953 4857 seris,
993 4776 1029 4841 in
1058 4774 1172 4865 ipsum

186 4889 356 4979 ternplum
390 4907 538 4962 venere,
579 4883 747 4947 ducentes
779 4903 896 4947 secum
931 4877 1172 4944 mulierculam

185 4992 383 5086 mttttsdatn,
415 5009 505 5078 quae
535 5006 730 5075 praegnans
757 4997 848 5063 crat,
879 4981 927 5049 ita
952 4992 990 5048 ut
1015 4991 1173 5048 ventrem

1329 4408 1393 4462 Vol.
1408 4411 1440 4465 V.
1457 4429 1484 4481 p.
1502 4411 1566 4462 208.

1229 4802 1362 4910 littera
1385 4815 1541 4911 guitigis
1559 4815 1655 4908 &rap
1678 4837 1785 4909 gaser.
1835 4814 2100 4908 psdtgrlaptter.
2127 4819 2221 4889 tlrbrt

1225 4933 1365 5015 genua
1388 4928 1450 4993 unt
1468 4922 1656 5009 belsabeter.
1707 4919 1780 4991 tait
1804 4918 1902 5004 baben
1920 4918 1980 4988 mit
1995 4935 2076 5009 gant
2091 4919 2221 5008 refrenes

1227 5035 1287 5097 tan
1305 5022 1446 5113 aratra
1470 5040 1671 5098 recreaturus
1693 5039 1763 5090 eurr
1779 5019 1972 5110 &actitem
1998 5021 2160 5112 tratura
2177 5027 2222 5091 aa

187 5139 408 5156 *affl-

219 5230 353 5383 11115111.
368 5233 605 5365 ZVZIZZZZZM
624 5306 711 5355 talem
729 5303 838 5370 airum,
858 5296 1176 5354 ewuomeomarr's'n·
1261 5294 1292 5354 ⁸¹)
1312 5293 1335 5344 ls
1355 5291 1466 5345 domum
1493 5290 1632 5363 prolectas
1650 5299 1706 5361 est,
1730 5299 1760 5346 nt
1780 5290 1860 5348 docet
1885 5310 1929 5381 ep.
1948 5290 2016 5346 stet.
2045 5291 2072 5345 d.
2092 5288 2133 5344 14.
2152 5290 2223 5362 apr.
2248 5355 2251 5363 Ι

256 5384 414 5451 telligcres,
431 5389 458 5434 et
471 5382 508 5433 ss'c
524 5393 633 5447 gesaque
646 5391 714 5442 ergo
727 5390 801 5427 eum.
1297 5363 1406 5433 scripta.
