4776 6024
829 304 1286 455 nmsrooanun
1312 345 1430 425 nm.
1454 347 1538 423 ιιι
1590 349 1723 430 issa.
1810 330 1814 337 ’

269 355 345 432 oto
2225 360 2306 435 533

374 520 565 611 Praecipue
588 542 672 588 vero
686 516 880 589 necessaria
896 516 1129 588 estomnibus
1142 509 1263 584 homi·
1313 514 1408 585 saria
1435 528 1506 595 est,
1539 529 1573 586 et
1596 517 1790 609 aliquando
1811 518 1855 587 ad
1880 519 2107 590 concordiam
2131 521 2306 613 proderit.

271 622 377 692 nibus
395 621 550 712 cognitio
562 621 718 712 partium
736 615 912 704 hominis,
945 632 981 690 ct
996 616 1178 686 distinctio
1196 638 1263 704 po-
1312 613 1404 685 Cnm
1419 615 1528 706 igitur
1542 613 1600 687 bic
1615 613 1744 687 Simon
1760 611 1954 689 Proxenus
1970 618 2209 694 Bodincensis
2224 648 2305 697 car·

271 724 463 794 tentiarum
487 722 647 807 animae,
671 734 843 815 quantum
862 720 901 788 in
915 714 981 788 bac
997 718 1146 806 caligine
1160 717 1262 785 adse-
1312 739 1395 784 men
1417 720 1461 785 ad
1475 715 1521 789 R.
1538 715 1582 791 D.
1597 717 1640 792 T.
1663 720 1801 789 erudite
1823 733 1859 791 et
1875 722 2028 810 graviter
2043 723 2242 815 scripserit,
2267 740 2304 799 et

273 825 336 917 qni
373 846 575 915 possumus:
623 820 770 892 Necesse
812 834 865 892 est
901 820 996 888 enim
1039 817 1263 887 considemre
1315 840 1428 895 mores
1450 818 1527 899 eius
1549 819 1620 889 sint
1643 815 1784 891 bonesti
1808 836 1843 891 et
1865 821 2015 916 placidi:
2048 824 2131 894 dedi
2155 825 2188 895 ei
2208 819 2304 897 hanc

271 925 462 995 discrimen
484 925 577 993 inter
603 924 794 1013 potentiam
818 932 1085 1009 cognoscentem
1103 930 1138 988 et
1152 918 1263 1007 adpe-
1312 916 1498 1008 epistolam
1516 920 1558 988 ad
1578 916 1625 994 R.
1640 918 1685 991 D.
1701 919 1745 995 T.
1762 923 1983 1012 profecturo,
2008 937 2047 994 ut
2062 949 2202 996 orarem
2217 951 2302 1019 pm.

205 1036 211 1045 '
271 1038 425 1106 tentem,
456 1038 491 1095 et
516 1024 635 1093 radios
651 1024 793 1092 divinae
811 1021 900 1091 lucis
918 1021 956 1088 in
973 1015 1129 1088 bumana
1143 1029 1262 1086 mente
1311 1030 1391 1107 pter
1423 1018 1603 1089 literarum
1638 1045 1815 1107 amorem,
1864 1046 1908 1092 ne
1941 1026 2115 1115 gravatim
2148 1050 2304 1116 carmen,

271 1148 478 1216 agnoscere,
509 1125 572 1218 qui
598 1118 714 1194 adhuc
737 1122 868 1216 reliqui
888 1120 1026 1190 suntin
1041 1114 1106 1190 hac
1121 1118 1262 1186 infirma
1312 1121 1408 1208 qnod
1435 1119 1576 1205 offeret,
1600 1118 1646 1194 R
1662 1123 1711 1192 D.
1727 1118 1772 1196 T.
1792 1123 1953 1215 accipiat.
2001 1122 2149 1217 Semper
2171 1128 2301 1201 talibus

272 1241 421 1307 natura,
454 1241 488 1297 et
506 1239 589 1295 sunt
610 1224 840 1316 praecipuum
853 1225 898 1293 de
915 1219 990 1292 Deo
1008 1219 1262 1291 testimonium.
1311 1218 1495 1289 laboribus
1519 1233 1555 1290 et
1576 1222 1702 1292 officiis
1722 1224 1896 1314 sapientes
1913 1226 2168 1315 gubernatores
2182 1229 2302 1300 lovere

273 1324 413 1397 Deinde
435 1349 574 1397 necesse
595 1338 646 1395 est
669 1326 805 1411 videre,
831 1347 923 1417 quae
942 1344 1024 1414 pars
1038 1320 1110 1390 illis
1125 1317 1263 1390 notitiis
1311 1342 1349 1388 se
1370 1322 1613 1396 ostenderunt.
1664 1320 1783 1412 Quare
1805 1339 1839 1394 et
1853 1319 1960 1396 buim
1975 1329 2209 1400 adolescentis
2222 1330 2302 1400 olli-

274 1428 321 1498 sit
333 1442 540 1507 contumax,
567 1440 603 1496 et
620 1449 689 1518 qua
706 1439 806 1516 parte
820 1438 938 1494 tamen
953 1424 1161 1491 fraenentur
1175 1418 1263 1489 affc-
1312 1420 1405 1489 cinm
1423 1443 1524 1512 spero
1541 1446 1614 1491 non
1629 1423 1805 1512 ingratum
1819 1426 1896 1494 lore
1912 1424 1959 1498 R.
1973 1426 2018 1503 D.
2029 1427 2075 1503 T.
2092 1430 2299 1522 pracsertim

274 1543 368 1619 ctos,
403 1542 437 1598 et
460 1529 641 1621 quomodo
666 1527 800 1595 externi
824 1538 941 1612 gestus
963 1536 1150 1611 regantur,
1175 1519 1261 1612 quid
1312 1544 1391 1589 cum
1419 1546 1506 1590 vena
1537 1524 1648 1614 ipsios
1669 1526 1715 1594 sit
1737 1526 1844 1614 digna
1872 1526 1988 1601 lande.
2046 1528 2155 1601 Mitto
2179 1545 2214 1600 et
2236 1555 2300 1622 ego

274 1630 320 1699 sit
343 1641 486 1698 externa
511 1626 719 1718 disciplina,
745 1627 834 1720 quid
852 1649 934 1695 vcra
948 1624 1080 1707 virtus,
1105 1628 1262 1713 quaeest
1312 1645 1453 1690 carmen
1475 1625 1520 1690 de
1543 1626 1701 1714 proxima
1715 1618 1751 1716 ⁸)
1773 1623 1927 1717 Eclipsi,
1959 1652 2048 1720 qnae
2061 1632 2219 1719 profecto
2234 1656 2302 1700 nu-

273 1729 419 1799 divinus
435 1742 552 1799 motus
568 1727 607 1795 in
627 1728 745 1797 corde.
1312 1744 1372 1789 vas
1395 1724 1639 1794 contentiones
1662 1726 1833 1795 minatur:
1867 1752 1955 1821 quas
1974 1744 2015 1801 ut
2036 1730 2130 1802 lilius
2151 1728 2219 1800 Dei
2244 1733 2299 1801 le-

1312 1823 1399 1902 niat,
1425 1837 1499 1893 toto
1515 1849 1594 1894 eum
1609 1841 1748 1918 pectore
1762 1852 1839 1901 oro.
1879 1829 1961 1899 Non
1979 1831 2058 1923 plus
2070 1832 2139 1901 lata
2154 1828 2300 1916 etenim,

376 1925 540 2020 Denique
553 1935 698 2017 propter
712 1921 841 1992 multas
855 1920 1024 1989 maximas
1040 1942 1160 1990 causas
1178 1943 1261 2012 pro-
1312 1936 1416 2015 quam
1448 1925 1505 2013 pia
1537 1941 1616 1996 vota
1643 1926 1771 2001 valent.
1834 1926 1932 1999 Bene
1954 1946 1987 2000 et
2013 1930 2162 2003 feliciter
2183 1934 2301 2005 valeat

273 2031 351 2102 dest
366 2030 520 2120 aspicere
534 2038 647 2109 artem
662 2021 904 2093 fabricationis
913 2015 1089 2088 humanae
1103 2033 1262 2091 naturae.
1312 2021 1359 2096 R.
1375 2020 1421 2099 D.
1437 2023 1483 2098 T.
1535 2027 1606 2096 Die
1622 2025 1657 2098 6.
1672 2026 1896 2115 Decembris,
1925 2028 2032 2106 1554.

271 2130 358 2202 ldeo
382 2130 489 2198 velim
516 2127 686 2199 usitatum
708 2122 870 2193 libellum
894 2122 938 2191 de
961 2121 1078 2189 anima
1102 2119 1262 2212 Principi
1470 2140 1473 2145 ’

274 2231 451 2309 enarrari,
484 2242 518 2299 et
544 2225 733 2297 monstrari
756 2224 909 2314 picturas
930 2218 1174 2303 Anatomicas,
1199 2233 1261 2290 aut

275 2334 377 2403 etiam
405 2329 580 2400 maiorum
602 2327 843 2395 membrorum
869 2322 1020 2413 positus,
1060 2346 1139 2390 cum
1165 2321 1261 2391 videt

274 2433 382 2505 secari
406 2453 528 2501 cervos
540 2442 575 2499 et
587 2449 702 2518 apros.
753 2422 857 2495 Hanc
872 2423 1044 2514 puerilem
1062 2422 1259 2492 doctrinam
1321 2452 1389 2531 No·
1409 2455 1523 2534 5697·

273 2537 317 2604 de
333 2532 561 2604 distinctione
574 2527 812 2619 potentiarum
820 2525 959 2593 animae
974 2536 1007 2593 et
1017 2524 1260 2592 membrorum
1317 2553 1530 2594 m

271 2637 310 2705 in
335 2632 492 2705 Ecclesia
516 2629 745 2701 necessariam
766 2648 840 2695 esse
870 2625 1098 2694 manifestum
1121 2636 1193 2708 est,
1226 2637 1260 2694 ct

271 2735 431 2807 moribus
446 2734 588 2827 prodest
601 2750 705 2799 nosse
719 2724 956 2819 potentiarum
974 2725 1100 2810 olticia,
1125 2737 1159 2794 et
1174 2725 1262 2793 scire

271 2860 361 2930 quae
388 2836 462 2925 regi
486 2833 638 2925 possint,
671 2843 706 2900 et
725 2827 906 2922 quomodo
922 2838 1112 2914 regantur,
1138 2838 1261 2895 etcer-

269 2960 355 3007 nere
378 2936 476 3007 triste
499 2930 688 3003 dissidium
711 2928 841 2999 virium
859 2921 1118 3010 humanarum,
1143 2937 1185 2995 nt
1199 2948 1262 3016 pe-

270 3051 386 3109 tamus
416 3035 587 3106 auxilinm
608 3055 630 3101 a
652 3029 745 3101 Filio
766 3026 834 3100 Dei
856 3024 1013 3097 Domino
1036 3038 1158 3095 nostro
1181 3022 1262 3096 lesu

269 3133 437 3221 Christo,
479 3135 643 3205 crucifixo
675 3154 741 3223 pro
766 3129 872 3200 nobis
900 3141 937 3198 et
960 3123 1189 3209 resuscitato,
1221 3149 1262 3196 ac

271 3250 443 3329 regnante
467 3250 509 3307 ut
533 3234 675 3322 colligat
700 3243 877 3302 aeternam
902 3223 1120 3312 Ecclesiam,
1153 3248 1262 3319 quem

271 3362 355 3425 oro,
387 3352 427 3410 nt
450 3349 565 3407 servet
580 3329 825 3405 Pomeranioe
844 3327 978 3415 Duces,
1011 3343 1046 3400 et
1068 3340 1165 3416 regat
1183 3340 1262 3398 stu·

271 3441 331 3510 dia
365 3453 400 3509 et
435 3452 548 3510 totum
579 3437 674 3506 vitae
700 3455 842 3504 cursum
868 3428 1046 3525 Principis
1070 3421 1262 3501 Iohannis

268 3534 474 3619 Friderici,
515 3534 747 3609 Pom'eraniae
768 3530 879 3604 Ducis
906 3544 971 3605 etc.
994 3546 1028 3602 et
1048 3530 1154 3600 iaciat
1180 3552 1261 3599 eum

271 3645 400 3723 σκεῦος
418 3635 550 3723 ἐλέους,
570 3652 606 3710 et
620 3636 825 3728 Principem
837 3632 1027 3704 salutarem
1035 3628 1215 3703 Ecclesiae
1229 3641 1263 3700 et

270 3744 424 3836 patriae,
450 3738 579 3813 Amen.
637 3732 749 3812 1564.

281 3984 449 4005 ..ιιι-ο·

1107 4143 1139 4205 6.
1159 4134 1237 4204 Dec.

1082 4225 1254 4257 „N

566 4336 633 4425 Io.
659 4331 969 4442 Horaborgio.

371 4517 472 4576 Manlii
490 4515 588 4586 lamg.
606 4533 635 4587 p.
649 4510 701 4565 284
712 4529 754 4578 sq.

271 4147 339 4219 No.
355 4141 468 4218 6696.

279 4239 450 4273 Μ

269 4691 524 4773 Reverendiss.
564 4685 618 4760 D.
660 4683 716 4760 D.
755 4677 938 4754 loanni
984 4678 1260 4777 Hornburg,

271 4800 457 4900 Episcopo
479 4789 717 4867 Libusionne
739 4780 944 4868 Ecclesiae,
981 4777 1175 4851 excellenti
1193 4808 1259 4852 sa-

317 4900 458 5002 pientia
479 4907 510 4970 et
532 4894 678 4978 virtute,
702 4898 764 4962 eto.
780 4893 940 4984 patrono
958 4905 1026 4951 suo
1047 4877 1207 4963 colendo,

272 5045 321 5133 S.
345 5050 390 5123 D·
424 5041 730 5119 Reverendissime
748 5032 905 5105 domine.
940 5027 1161 5123 Quanquam¹
1173 5055 1257 5123 919,

270 5168 349 5254 pter
372 5149 530 5246 publicas
552 5140 746 5215 discordias
766 5135 961 5206 multorum
979 5132 1091 5203 animi
1106 5132 1256 5205 alienio.

269 5287 326 5334 res
340 5267 423 5328 snut
435 5274 457 5320 a
469 5246 710 5318 doctrinarum
725 5237 863 5319 studiis,
886 5250 1005 5309 tamen
1019 5235 1091 5306 scio
1103 5230 1204 5308 RD.
1212 5232 1256 5311 T.

270 5386 336 5457 pro
357 5373 422 5429 ‘sua
442 5345 625 5424 excellenti
648 5338 818 5456 sapientia
841 5338 932 5408 velle
953 5335 1162 5454 nonodeleri
1175 5336 1256 5407 lite-

271 5485 350 5554 ras,
375 5479 525 5557 qinrum
547 5440 884 5540 coguitioommbua
900 5438 1120 5531 temporibus
1134 5457 1253 5509 necea*

1600 2662 2008 2756 oenomaum.

1399 2838 1606 2915 unicam...
1620 2843 1721 2915 pasc

1311 3006 1524 3085 Reverendo
1539 3013 1636 3102 ciro,
1655 3012 1712 3092 D.
1728 3010 1935 3112 Georgia
1954 3014 2300 3115 Bnclslaoltzer,

1575 3113 1782 3215 scotrisno
1797 3111 2037 3210 clarissimo,
2098 3220 2105 3227 ¹

1312 3266 1363 3357 S.
1389 3273 1434 3348 D.
1458 3275 1670 3352 Reverendo
1688 3283 1757 3364 vic,
1782 3298 1818 3355 et
1831 3285 1943 3355 amice
1957 3281 2169 3365 charissime.
2195 3293 2297 3363 Scri-

1312 3381 1382 3474 psit
1413 3376 1472 3449 hic
1493 3375 1626 3451 Simon
1648 3375 1842 3456 Proxenus
1863 3410 2003 3457 carmen
2026 3390 2072 3458 de
2093 3389 2218 3484 Moyse
2240 3395 2296 3463 le-

1311 3485 1426 3553 riente
1449 3497 1595 3573 petram.
1647 3480 1689 3554 ld
1712 3485 1841 3556 offerre
1856 3488 2012 3559 decrevit
2024 3485 2198 3583 Episcopo
2215 3487 2295 3563 Li-

1312 3580 1481 3653 bnsiono.
1547 3581 1707 3672 Quaeso,
1741 3599 1783 3657 ut
1808 3589 2065 3661 adolescentem
2086 3593 2235 3664 consilio
2259 3609 2297 3667 et

1311 3684 1618 3757 commendatione
1631 3685 1771 3769 iuvetis.
1818 3684 1896 3779 Ego
1914 3690 2020 3761 ctiam
2036 3693 2140 3763 vobis
2153 3718 2298 3767 carmen

1312 3788 1357 3856 de
1371 3785 1492 3875 eclipsi
1507 3785 1620 3871 mitto,
1642 3809 1734 3880 quae
1747 3789 1901 3880 prolecto
1916 3791 2103 3863 minitatur
2114 3818 2209 3867 nova
2219 3820 2299 3869 ccr-

1312 3887 1457 3960 tamina.
1507 3885 1579 3987 Sed
1593 3909 1734 3958 oremus
1749 3890 1862 3959 lilium
1877 3887 1965 3975 Dei,
1990 3906 2030 3985 ut
2046 3916 2113 3962 nos
2128 3910 2236 3986 regat,
2261 3911 2298 3969 et

1313 3986 1351 4056 in
1371 3980 1429 4057 bis
1447 3986 1654 4076 regionibus
1668 4008 1804 4082 semper
1818 3986 2012 4063 Ecclesiam
2029 4008 2209 4067 aeternam
2225 3997 2297 4068 sibi

1313 4088 1468 4178 colligat:
1499 4101 1533 4158 et
1548 4088 1681 4159 tribuat
1693 4074 1880 4163 salutarim
1896 4093 2209 4184 gubernationem,
2232 4122 2297 4191 pa-

1312 4212 1387 4258 cem
1402 4202 1438 4258 et
1450 4188 1674 4259 concordiam
1691 4185 1860 4263 Ecclesiis
1871 4202 1914 4277 et·
1922 4194 2082 4287 imperiis
2097 4192 2223 4268 harum
2237 4188 2297 4269 re'-

1311 4285 1470 4383 gionum.
1518 4284 1643 4381 Nuper
1664 4288 1809 4367 exhibui
1822 4284 2027 4386 pecuniam,
2052 4321 2159 4391 quam
2174 4294 2296 4371 Ionae

1311 4390 1406 4460 filius
1419 4388 1558 4475 attulit,
1584 4392 1657 4462 filio
1672 4396 1806 4464 vestro:
1828 4409 1868 4466 ut
1882 4396 2093 4485 significasse
2109 4398 2215 4471 etiam
2229 4426 2297 4471 vo-

1312 4490 1367 4561 bis
1398 4492 1560 4563 arbitror.
1619 4488 1717 4565 Bcne
1748 4495 1878 4580 valete,
1916 4494 1986 4568 Dic
2014 4497 2051 4573 6.
2075 4497 2294 4586 Decembris,

1313 4587 1443 4690 [Anno
1465 4588 1590 4693 1566]
1604 4588 1645 4690 ¹).

1311 4782 1515 4797 W

1342 4904 1372 4974 ο)
1391 4902 1418 4957 s.
1432 4902 1459 4957 9.
1474 4900 1544 4956 oa.
1563 4854 1649 4957 1⁵3⁴:
1675 4900 1786 4975 nam
1803 4902 1858 4961 soe
1877 4902 2023 4965 masna
2042 4908 2156 4967 neon
2178 4928 2292 4970 ermen

1377 4971 1407 5026 in
1423 4969 1541 5043 Scriptis
1554 4970 1670 5042 publicis
1685 4970 1721 5030 T.
1733 4972 1769 5027 ll.
1838 4994 1843 5001 ·

1344 5078 1373 5146 1)
1392 5068 1482 5130 Verba
1502 5088 1587 5158 pune·
1595 5074 1677 5132 ama
1690 5076 1763 5131 band
1774 5076 1857 5135 clsbls
1867 5080 1904 5134 ab
1914 5078 1972 5134 slis
1984 5079 2074 5137 addita
2086 5090 2159 5136 sant.
2176 5062 2296 5161 Ecdipsia

1377 5145 1460 5203 lunae
1471 5144 1522 5201 lust
1535 5147 1562 5201 d.
1575 5143 1688 5207 9.ch·
1701 5144 1778 5215 liii.
1813 5144 1878 5205 vicl·
1893 5148 2154 5229 epbkpnteeedcna,
