4734 6016
164 240 243 312 793

165 411 244 484 fnit.
296 406 440 499 Insigne
462 407 655 478 discrimen
674 399 768 479 inter
783 404 919 498 Togam
941 418 975 476 et
989 402 1156 489 Pallinrn,

166 514 254 583 adeo
279 526 318 582 ut
334 513 546 581 discerneret
567 509 678 598 figura
699 522 799 600 togae
814 507 998 582 Romanos
1013 503 1059 577 ab
1076 504 1158 591 aliis

165 613 340 705 gentibus.
409 605 580 683 Polliam
614 610 682 681 tuis
714 610 867 681 exterior
898 611 1005 680 vestis
1036 610 1154 698 longa,

166 712 386 785 Graecorum
402 727 437 784 et
449 711 692 793 Ebraeorum,
718 712 844 783 similis
860 710 1011 792 Senensi
1034 710 1154 805 pallio,

166 839 228 887 seu
242 816 500 910 propemodum
515 814 646 885 talibus
663 813 793 903 palliis,
819 815 985 909 qualibus
1000 813 1039 882 in
1056 813 1154 883 luctu

165 941 261 987 nunc
293 912 512 987 honestiores
545 909 707 985 homines
740 928 903 990 utuntur.
962 912 1052 985 Tale
1084 913 1154 983 fuit

163 1020 312 1112 pallium
335 1017 458 1105 Eliae,
484 1011 630 1089 Christi.
681 1013 791 1087 Color
810 1017 879 1089 fuit
898 1017 1076 1087 violaceus
1096 1014 1153 1084 vel

165 1121 327 1193 ceruleus
347 1121 537 1203 obscurus,
560 1141 658 1211 grau
673 1121 840 1190 accedens
863 1118 908 1190 ad
931 1113 1042 1204 blau,
1063 1117 1154 1186 sicut

162 1216 272 1293 bodie
285 1222 474 1293 orientales
486 1234 522 1291 et
536 1216 616 1289 Afri
634 1219 828 1313 plurimum
841 1235 993 1293 utuntur
1008 1218 1073 1291 tali
1093 1242 1154 1287 co-

164 1325 259 1408 lore,
300 1337 340 1394 ut
366 1323 525 1393 existimo
551 1321 680 1392 vidisse
708 1319 991 1393 lllustrissimutn
1013 1318 1155 1390 Princi-

166 1449 246 1519 pem
274 1438 355 1496 ante
376 1423 626 1512 Witebergam
658 1423 748 1510 regis
782 1419 980 1518 Aphrieani
1011 1432 1153 1490 vestem.

163 1523 219 1596 De
233 1527 315 1620 pilis
329 1526 543 1595 camelorum
559 1524 823 1614 peregrinantes
838 1529 961 1598 dicunt
976 1523 1053 1594 fieri
1072 1524 1152 1613 plu-

163 1628 274 1698 rimos
300 1627 387 1697 tales
408 1651 545 1719 pannos
557 1617 778 1695 Schamloth
800 1629 839 1697 in
859 1627 1004 1707 Cilicia,
1037 1630 1072 1694 et'
1091 1647 1153 1691 ve-

165 1722 498 1813 hunturVenetias,
531 1741 564 1798 et
586 1740 671 1797 sunt
693 1728 773 1798 vilis
788 1730 904 1821 pretii.
958 1725 1074 1799 Credo
1090 1748 1153 1793 ve-

163 1854 243 1900 rum
267 1854 340 1900 csse
360 1853 420 1899 eos
444 1849 601 1920 pannos,
634 1851 724 1920 quos
751 1833 978 1900 nominamus
994 1820 1152 1896 Scham-

164 1924 264 2012 toth,
289 1930 367 2000 lieri
381 1954 423 1999 ex
439 1931 521 2025 pilis
536 1927 776 2001 Camelorum.

174 2300 242 2374 No.
256 2300 369 2371 6026.

167 2397 379 2427 Μ

453 2480 566 2595 Cpb.
598 2478 856 2587 Baunonia.

232 2641 328 2700 Manlii
341 2642 442 2716 farrag.
458 2661 485 2715 p.
496 2641 550 2698 252
561 2663 603 2717 sq.

162 2793 386 2876 Clarissimo
402 2801 499 2887 viro,
526 2795 747 2885 eruditione,
773 2807 835 2872 ete.
854 2792 909 2874 D.
927 2789 1154 2869 Christo-

160 2898 309 3002 phoro
334 2898 598 3019 Pannonip,
642 2899 828 3073 §psessori
851 2895 1154 2999 Francosordiae

534 3026 586 3074 crs
687 3027 783 3080 ram.

161 3162 382 3249 Doctissime
403 3169 476 3256 vir,
515 3183 550 3242 et
577 3163 784 3239 charissime
806 3166 927 3244 frater.
977 3163 1087 3257 Quod
1109 3170 1153 3238 de

122 3314 125 3319 ·
160 3302 241 3349 mea
263 3275 336 3346 vita
358 3272 488 3346 soliciti
509 3270 611 3352 estis,
641 3293 794 3362 agnosco
813 3279 913 3341 tuam
934 3282 971 3341 et
997 3270 1152 3342 aliorum

744 227 1178 331 netsronanun
1226 225 1442 305 mnan
1494 227 1626 309 asse.

2132 219 2207 293 794

2079 411 2111 470 7.
2125 395 2188 460 Iul.
2260 415 2272 423 ·

2060 489 2194 515 w

1205 397 1275 476 No.
1293 398 1409 478 6027.

1215 496 1385 526 Μ

1539 569 1859 658 Godcschaleo.

1276 729 1299 798 *1¹
1316 726 1460 798 Descripta
1473 727 1579 784 th'cls.
1586 727 1811 793 Valentlwerg
1817 745 1854 795 ,ex
1865 722 2019 846 apographo
2031 720 2060 774 in
2067 718 2197 776 Biblioth-

1311 798 1471 852 Academiae
1484 795 1638 850 Halniensis
1651 805 1677 850 et
1690 815 1714 849 a.
1730 795 1808 849 1776.
1822 796 1903 848 missa
1916 795 1949 846 ad
1985 832 1991 849 .
2005 791 2196 856 Noceeeltnm,

1308 863 1479 936 'l'lreologum
1499 862 1660 932 liniensem,
1679 863 1726 934 qui
1741 863 1791 916 illo
1805 873 1930 935 tempore
1943 861 2070 932 epistolas
2083 857 2197 909 Melan·

1306 933 1396 989 ibonis
1409 933 1563 1004 colligebat.
1587 933 1625 987 Ex
1638 932 1691 989 lsoc
1703 932 1861 1004 apograpbo
1874 929 1939 985 mihi
1953 929 2035 985 missa
2049 935 2116 981 esta
2132 925 2194 979 Do·

1310 1004 1382 1058 oties.
1395 1005 1428 1058 F.
1446 1001 1545 1073 Galle,
1561 1000 1679 1056 llalenei.

1203 1148 1404 1259 Philippus
1429 1152 1659 1231 Melanthon
1685 1150 2033 1242 Godeschnlco,
2071 1146 2195 1223 Ludi-

1430 1261 1613 1356 magistro
1634 1255 1970 1355 Magdeburgensi.
2138 1293 2142 1299 ·

1204 1379 1253 1469 S.
1278 1391 1323 1467 D.
1373 1390 1576 1466 Clarissima
1600 1393 1657 1464 vir
1677 1406 1713 1463 et
1730 1390 1933 1463 charissime
1952 1392 2080 1471 frater,
2104 1411 2196 1481 qno-

1205 1497 1292 1567 tidie
1317 1519 1381 1564 oro
1408 1495 1520 1564 filium
1546 1484 1634 1580 Dei,
1675 1494 1861 1563 dominum
1888 1507 2050 1562 nostrum
2078 1488 2196 1559 lesum

1204 1592 1407 1678 Christum,
1442 1594 1504 1688 qui
1536 1617 1573 1662 se
1603 1595 1719 1686 pingit
1746 1595 1783 1662 in
1808 1593 1960 1683 imagine
1980 1589 2197 1663 Samaritani

1205 1698 1353 1768 vulnera
1368 1696 1479 1766 saucii
1494 1696 1696 1786 obligantis,
1721 1710 1762 1767 nt
1777 1696 1851 1786 ipse
1864 1695 2047 1764 medeatur
2065 1691 2193 1762 vulne·

1205 1800 1306 1869 ribus
1330 1793 1568 1867 Ecclesiarum
1596 1811 1816 1877 nostrarum,
1857 1810 1892 1867 et
1912 1794 2057 1864 dissidia
2082 1794 2213 1880 tollat„

1205 1900 1277 1970 Nec
1291 1899 1452 1968 lacessivi
1467 1898 1567 1981 alios,
1583 1911 1616 1967 et
1630 1898 1783 1967 libenter
1799 1897 1906 1965 velim
1922 1897 1967 1966 de
1980 1895 2195 1988 quibusdam

1205 2024 1279 2071 non
1293 1998 1430 2068 levibus
1444 2000 1549 2067 rebus
1565 1998 1720 2092 colloqui
1736 2021 1814 2068 cnm
1830 1997 1944 2067 doctis
1957 2010 1991 2066 et
2006 1996 2129 2080 bonis,
2153 2009 2196 2066 ut

1205 2103 1244 2171 in
1271 2098 1429 2171 Ecclesia
1460 2100 1560 2168 decet
1589 2099 1683 2183 fieri.
1736 2092 1818 2172 Sed'
1838 2099 1944 2168 multi
1978 2085 2153 2195 ipiouaoi
2166 2092 2195 2191 ²)
2322 2099 2334 2119 '

1204 2201 1346 2273 nullum
1376 2201 1482 2270 finem
1510 2200 1745 2272 maledicendi
1775 2199 1910 2270 faciunt
1934 2224 1998 2271 nec
2022 2211 2139 2271 tacent
2153 2194 2198 2292 ²),

1132 2347 1140 2364 ·
1205 2305 1265 2375 sed
1294 2316 1432 2374 tantum
1463 2304 1653 2373 accendere
1680 2301 1762 2372 odia
1791 2302 1947 2372 student.
2012 2299 2195 2371 Hactenus

1205 2401 1297 2475 nihil
1319 2404 1506 2496 respondi,
1531 2417 1566 2474 et
1586 2407 1715 2476 multas
1740 2398 1854 2474 habeo
1876 2403 2009 2473 silentii
2024 2403 2095 2473 mei
2109 2427 2195 2472 cau-

1205 2529 1277 2592 sas,
1302 2529 1389 2601 quas
1412 2507 1483 2577 scio
1507 2506 1614 2577 etiam
1636 2505 1759 2576 multis
1779 2501 1940 2575 honestis
1956 2518 1991 2574 et
2008 2504 2195 2594 prudenti-

1204 2609 1272 2679 bus
1284 2607 1442 2701 probari.
1483 2605 1537 2678 Te
1552 2632 1694 2702 quoqne
1710 2601 1899 2688 adhortor,
1924 2629 1971 2675 ne
1988 2605 2116 2697 litiges.
2135 2602 2195 2675 -st

1204 2723 1321 2781 autem
1334 2709 1454 2793 andio',
1478 2704 1568 2777 mihi
1583 2710 1717 2782 bellum
1734 2706 1871 2793 inferri,
1896 2719 2081 2801 propterca
2096 2707 2195 2802 qnod

1204 2811 1349 2881 stoicam
1373 2809 1615 2881 necessitatem
1636 2835 1712 2882 non
1736 2811 1869 2902 probo,
1890 2808 2050 2879 veritatis
2072 2820 2196 2901 patro-

1205 2912 1337 2982 cinium
1360 2936 1437 2981 non
1450 2914 1621 2984 deseram.
1675 2911 1810 2982 Vellem
1833 2933 1919 2995 nos,
1940 2909 2003 3004 qsri
2017 2912 2197 2992 docemus,

1205 3012 1493 3083 coniunctionem
1512 3026 1667 3082 nostram
1682 3013 1786 3083 tucri.
1828 3008 1927 3081 Bene
1945 3012 2034 3081 vale.
2083 3008 2196 3082 Mitto

1204 3114 1396 3207 pagellam,
1421 3109 1513 3184 nihil
1527 3115 1622 3182 enirn
1636 3114 1733 3186 aliud
1751 3137 1847 3185 nunc
1863 3109 2049 3188 habebam.
2088 3111 2196 3182 Wit-

1204 3216 1273 3287 teb.
1289 3218 1324 3291 7.
1341 3213 1426 3288 lulii
1441 3241 1472 3291 a.
1491 3214 1605 3292 1656·

160 3376 464 3452 benevolentiamz
490 3396 531 3443 ae
550 3373 678 3444 debere
694 3395 753 3442 me
773 3370 875 3442 vobis
898 3368 1152 3461 gratitudinem
1207 3424 1237 3433 ..

158 3483 284 3555 fateor.
300 3554 314 3577 Ι
341 3476 488 3550 Utinam
514 3497 600 3544 vero
628 3494 768 3566 possem
797 3471 1000 3544 illustribus
1027 3469 1152 3542 officiis

162 3579 319 3653 vicissim
354 3599 470 3647 meam
502 3572 787 3645 benevolentiam
820 3571 923 3642 vobis
955 3573 1153 3642 ostendere.

115 3742 129 3767 ‚,
162 3680 233 3754 Sed
248 3698 332 3749 vere
347 3698 425 3746 sum
442 3675 548 3755 σκιᾶς
558 3670 665 3771 ὄναρ,
690 3669 928 3744 utPindarica
943 3669 1153 3764 descriptio-

160 3807 207 3853 ne
227 3792 318 3852 utar.
372 3774 506 3846 Verum
529 3777 642 3847 donee
662 3771 760 3846 Deus
782 3773 823 3844 in
843 3767 911 3844 hac
930 3773 1081 3845 statione
1095 3797 1153 3843 me

160 3885 239 3955 vult
253 3878 396 3963 servire,
413 3876 546 3948 iustum
562 3888 616 3947 est
630 3899 686 3947 me
703 3875 963 3967 obtemperaret
981 3898 1022 3946 ac
1034 3875 1152 3968 ipsum

162 4010 240 4072 oro,
260 3997 302 4055 ut
315 4004 372 4050 me
385 3979 569 4071 gubernet.
601 3973 790 4050 Amicitiae
804 4001 890 4047 vero
901 3990 1043 4048 nostrae
1058 4001 1152 4048 sem·

161 4111 227 4183 per
248 4107 384 4154 memor
402 4106 483 4166 ero,
521 4073 621 4168 etin
640 4073 706 4150 hac
734 4079 828 4151 vitae
851 4077 997 4165 militia,
1031 4091 1066 4150 et
1088 4078 1150 4147 illa

162 4202 302 4261 aeterna
324 4181 535 4264 Academia,
573 4180 704 4276 inqua
727 4181 891 4252 fruemur
915 4192 1036 4252 nostra
1066 4204 1152 4250 con-

162 4289 345 4361 iunctione
368 4284 528 4369 dulcius,
560 4296 594 4355 et
614 4277 826 4354 habebimus
848 4283 1009 4352 doctores
1026 4295 1061 4352 et
1078 4282 1151 4351 col-

162 4393 257 4484 legas
284 4411 364 4459 cnm
385 4386 517 4481 quihus
543 4384 687 4455 suavius
715 4376 962 4476 philosophari
993 4396 1152 4475 potuert-

161 4516 263 4577 mus,
295 4511 402 4583 quam
431 4480 539 4559 habet
566 4478 653 4557 haec
678 4487 761 4560 vita.
828 4483 955 4555 Scribo
982 4486 1151 4555 breviter:

164 4594 249 4689 qnia
280 4589 399 4660 subito
432 4588 532 4659 luctu
565 4588 707 4656 animus
738 4607 837 4656 meus
869 4598 1059 4675 occupatus
1090 4599 1152 4658 est.

162 4682 253 4767 lieri
269 4692 364 4762 enim
383 4691 511 4760 ancilla
529 4687 650 4780 generi
666 4687 755 4772 mei,
779 4688 936 4757 modesta
951 4686 1090 4778 puella,
1113 4685 1151 4757 in
1230 4724 1239 4745 ·

161 4790 293 4880 horto,
317 4817 396 4862 cnm
418 4816 483 4861 nos
507 4792 544 4860 in
567 4790 699 4881 templo
715 4811 887 4873 essemus,
910 4787 1060 4860 fulmine
1083 4783 1151 4860 icta

164 4898 282 4992 periit.
330 4892 485 4965 Moveor
513 4917 586 4962 non
616 4890 729 4960 solum
753 4883 821 4961 hoc
840 4889 934 4962 tristi
958 4914 1059 4972 casu,
1089 4891 1149 4961 sed

164 5001 270 5072 etiam
284 4997 413 5067 omine.
465 4993 535 5065 Sed
555 5019 619 5084 oro
635 4993 749 5060 filiurn
763 4987 852 5074 Dei,
876 5005 916 5062 ut
943 4992 1102 5081 publicas
1117 5007 1152 5060 et

163 5102 318 5193 privatas
349 5121 481 5190 poenas
504 5097 610 5167 nobis
636 5094 758 5165 lemae
814 5091 915 5165 Bene
938 5093 1025 5162 vele.
1065 5089 1152 5164 ·Die

164 5200 312 5278 attulit.

1203 3547 1404 3673 Q·
2047 3565 2102 3629 12·
2120 3548 2183 3623 lul.

2043 3648 2193 3678 m

1394 3732 1582 3821 reactus
1608 3733 1678 3824 od
1703 3730 2010 3854 languetone

1272 3911 1297 3983 τ
1312 3909 1350 3965 Ex
1361 3911 1521 3986 apographo
1533 3923 1643 3972 vetusto
1660 3914 1690 3968 in
1706 3914 1773 3972 cod.
1784 3915 1898 3973 Monac.
1912 3914 1951 3972 ll.
1966 3935 1994 3988 p.
2007 3916 2072 3972 tto.

1363 4064 1430 4143 Ad
1449 4068 1708 4144 Hubertnm
1732 4065 2042 4168 Lnnguetum.

1205 4200 1254 4290 S·
1304 4214 1521 4292 Charissime
1544 4220 1725 4316 Hesperie,
1755 4221 1850 4293 misit
1872 4215 1977 4291 hasce
1991 4219 2111 4337 iithpas
2126 4246 2195 4293 no-

1123 4381 1132 4400 ,
1203 4332 1275 4390 ster
1292 4315 1538 4407 Illicodemns,
1563 4337 1599 4395 et
1621 4321 1811 4408 indicavit,
1845 4346 1883 4392 se
1899 4323 1939 4392 in
1955 4322 2005 4392 eis
2022 4326 2066 4392 de
2083 4325 2195 4394 collo·

1204 4421 1288 4514 quio
1304 4411 1520 4494 Cannensi·
1532 4418 1572 4522 *)
1591 4424 1789 4517 scripsisse,
1816 4425 1907 4515 sient
1924 4448 2038 4494 coram
2055 4446 2197 4494 eramus

1205 4516 1325 4599 locuti.
1361 4518 1470 4596 'Misi
1493 4551 1576 4617 ergo
1601 4522 1699 4599 hunc
1723 4516 1972 4596 scholaslicnm
1996 4549 2076 4595 curn
2099 4516 2195 4616 Goi-

1202 4616 1372 4712 scbnlco,
1397 4652 1470 4722 qno
1493 4642 1527 4700 et
1545 4628 1649 4700 eitius
1664 4642 1699 4699 et
1722 4626 1853 4699 certius
1871 4648 2081 4719 responsum
2102 4628 2196 4697 acei-

1203 4746 1353 4818 psamus.
1405 4724 1591 4800 Adducam
1615 4745 1734 4803 autem
1756 4752 1892 4798 mecum
1910 4751 2045 4809 unum,
2069 4731 2195 4799 autad

1204 4850 1382 4900 summum
1409 4832 1500 4902 dnos
1532 4846 1699 4927 tanquam
1732 4843 1835 4901 testes
1869 4829 2041 4924 colloquii
2066 4832 2196 4902 solum.

1205 4976 1431 5001 tun—nn·-

1238 5074 1266 5143 l)
1285 5073 1428 5145 insereret]
1444 5072 1541 5147 scripsi
1559 5091 1611 5144 pen
1629 5071 1774 5143 δριστικοί.
1872 5081 1873 5084 ’

1237 5163 1272 5232 2)
1292 5161 1490 5233 Apograpbons
1507 5164 1630 5228 darem
1650 5159 1790 5218 mendose.

1237 5248 1272 5315 ⁶)
1291 5266 1353 5302 cum
1372 5246 1551 5301 Melanthone
1574 5248 1708 5307 habendo.
1749 5247 1890 5304 Hubertes
1904 5246 2056 5330 benguetns
2074 5263 2104 5302 es
2120 5247 2150 5304 in
2163 5267 2197 5304 re

1272 5327 1363 5441 partes
1376 5315 1535 5370 mediatoris
1553 5316 1627 5371 inter
1637 5316 1843 5375 Melantbonen
1856 5317 2196 5389 sternumentum

1298 5383 1337 5441 sd.
1350 5402 1393 5458 ep.
1406 5384 1432 5440 d.
1447 5385 1489 5444 1⁵.
1503 5385 1555 5446 tut.
1569 5385 1598 5444 b.
1610 5405 1639 5443 s.
