4776 6024
188 162 263 236 rar
305 152 311 159 ·
771 146 1200 256 arrsrouunuu
1249 146 1357 223 niu.
1382 144 1466 225 xn.
1521 144 1654 225 essa,
2149 154 2222 230 ιω
2287 141 2290 148 ·

184 310 327 416 videat,
352 314 626 400 Cracovieneem
651 339 687 398 et
705 321 968 412 Viennensem,
1002 341 1036 399 et
1058 329 1182 396 docto-
1233 323 1388 408 scitaris,
1417 347 1465 392 an
1482 323 1638 392 miserim
1656 324 1701 392 ad
1716 346 1779 393 vos
1797 323 1952 417 aliquem
1967 323 2222 396 cuicommen-
2289 334 2293 346 '

184 458 269 505 rum
283 434 440 502 virorum
456 430 589 500 iudicia
606 430 651 497 de
664 428 786 499 multis
800 430 907 498 rebus
921 429 1052 500 audiat.
1086 424 1178 498 Cum
1232 425 1375 494 daretur
1389 426 1597 513 gubernatio
1613 425 1687 493 eius
1701 421 1888 508 Ecclesiae,
1913 427 1952 493 in
1966 451 2035 518 qua
2049 420 2218 497 hactenus

187 537 297 625 igitur
316 529 375 603 tue
389 529 565 621 Magister
579 523 811 600 Bernhardus
826 532 873 600 sit
888 532 945 599 vir
959 526 1127 599 honestus
1146 544 1179 600 ot
1231 526 1451 595 desideratur
1475 525 1611 599 Pastor.
1660 521 1737 613 Ego
1759 550 1845 596 vero
1865 540 1947 598 ante
1967 550 2121 598 mensem
2137 529 2218 600 lite-

186 637 347 707 emditus
362 648 399 703 et
414 648 540 705 causas·
552 626 677 701 babeat
690 625 857 702 honestas
873 616 1179 722 peregrinationis,
1229 649 1286 695 ras
1304 627 1386 694 dedi
1403 628 1480 696 viro
1495 622 1644 695 honesto
1663 642 1696 697 et
1713 631 1849 699 erudito
1865 624 2025 722 Georgia
2035 626 2063 724 ι)
2080 642 2164 700 nato
2180 632 2219 697 in

184 738 400 808 commendo
424 759 504 804 eum
526 733 691 803 omnibus
708 733 814 803 bonis
829 733 932 817 viris,
958 757 997 802 ac
1014 747 1113 823 peto,
1139 746 1179 801 ut
1229 722 1525 812 Dinlcelsbuhel,
1558 727 1657 798 cuius
1679 729 1860 817 integritas
1881 746 1914 800 et
1928 732 2101 800 modestia
2116 733 2219 800 valde

184 864 270 910 eum
305 851 429 907 contra
461 836 608 905 iniurias
640 835 842 903 defendant.
913 832 992 926 lpse
1023 834 1178 903 vicissim
1230 831 1377 919 probata
1407 844 1457 898 est
1480 826 1658 899 Ecclesiae
1686 824 1976 916 Northusanae,
2008 828 2104 901 hunc
2132 832 2219 901 iussi

186 941 312 1008 omnia
328 936 450 1021 officia,
475 961 564 1028 quae
578 939 623 1004 ad
639 936 716 1004 iura
732 931 879 1026 hospitii
894 937 1083 1027 pertinent,
1111 931 1177 1004 ho·
1230 933 1274 998 ad
1291 955 1353 998 vos
1369 932 1632 1023 quamprimum
1648 933 1831 1022 proficisci.
1875 929 1923 1003 Et
1936 933 2130 1021 profectum
2144 957 2218 1003 esse

187 1054 291 1110 neste
315 1038 510 1131 praestabit.
559 1036 660 1106 Bene
682 1038 760 1106 vale
776 1039 925 1108 candide
939 1038 1059 1109 lector.
1109 1035 1177 1105 Die
1230 1031 1400 1104 existimo.
1451 1028 1528 1101 Etsi
1552 1034 1648 1102 enim
1670 1033 1820 1105 Senatus
1840 1027 2111 1106 Nortbusanus
2131 1035 2218 1105 reti-

189 1139 344 1231 Augusti
360 1141 586 1224 duodecimo,
614 1134 839 1212 ann01555‚
1229 1154 1315 1201 nere
1338 1156 1419 1202 eum
1442 1135 1620 1225 cupiebat:
1654 1147 1773 1205 tamen
1795 1137 1877 1229 quia
1901 1136 2069 1226 collegam
2092 1131 2219 1206 habuit

1005 1237 1045 1312 Ρ,
1072 1235 1126 1312 Μ,
1230 1227 1411 1303 bominem
1429 1237 1657 1306 tribunitium
1672 1252 1705 1307 et
1718 1231 1943 1334 μωρόκακον
1960 1234 2009 1328 ²),
2040 1236 2218 1305 discedere

1230 1337 1442 1408 decreverat.
1505 1336 1540 1406 ls
1563 1338 1593 1406 si
1618 1340 1662 1407 ad
1684 1342 1882 1426 eosvenit,
1920 1340 2132 1432 probaturos
2155 1357 2219 1406 vos

184 1416 706 1487 'um-“ffl-
904 1444 910 1453 “
1229 1457 1302 1503 esse
1328 1436 1440 1528 ipsius
1468 1440 1667 1507 doctrinam
1697 1455 1732 1510 et
1750 1443 1960 1511 modestiam
1982 1464 2057 1510 non
2081 1439 2221 1523 dubito,

681 1592 685 1599 .
1229 1536 1365 1628 tibique
1387 1561 1467 1607 eum
1489 1542 1708 1611 commendo.
1760 1537 1838 1611 Oro
1860 1557 1977 1612 autem
1990 1540 2124 1611 Filium
2139 1539 2219 1623 Dei,

186 1602 249 1677 ΝΟ·
265 1599 380 1677 5449·
445 1668 450 1675 ·
998 1608 1169 1732 Q
1230 1649 1317 1706 utet
1331 1652 1481 1707 vestram
1496 1637 1692 1711 Ecclesiam
1705 1655 1738 1712 et
1752 1639 1878 1712 barum
1893 1644 2080 1734 regionum
2094 1638 2218 1713 Eccle-

648 1774 656 1789 ›
701 1805 747 1825 ..
1228 1739 1297 1806 sias
1322 1752 1491 1831 protegat.
1546 1741 1620 1812 Nos
1643 1745 1707 1814 etsi
1731 1745 1770 1815 in
1790 1746 1888 1815 luctu
1909 1759 1942 1816 et
1965 1757 2062 1815 metu
2085 1765 2217 1822 sumus,

450 1890 459 1905 .
510 1801 606 1890 1⁰0·
631 1804 857 1891 Milw'liffi
1229 1853 1346 1908 tamen
1365 1838 1479 1912 adhuc
1496 1864 1618 1933 operas
1632 1846 1797 1928 usitatas,
1826 1846 1897 1915 Dei
1918 1846 2107 1929 beneficio,
2130 1844 2218 1913 faci-

248 1957 334 2032 Epioe
351 1961 399 2017 tu.
414 1960 451 2020 ιι,
465 1979 492 2032 p.
506 1960 566 2018 432.
584 1962 659 2032 (aare
672 1964 764 2019 tend.
783 1958 833 2018 nb,
845 1965 882 2019 11.
897 1983 942 2037 ορ,
952 1963 1033 2034 452).
1228 1963 1317 2013 mus.
1376 1939 1523 2012 Eberus
1542 1946 1697 2015 vicissim
1714 1948 1816 2016 vobis
1830 1948 1995 2018 omnibus
2007 1948 2120 2016 fausta
2133 1967 2217 2032 pre-

491 2108 503 2129 ,
1229 2054 1339 2114 ratur.
1372 2043 1470 2113 Bene
1487 2058 1520 2114 et
1533 2047 1684 2117 feliciter
1696 2051 1785 2117 vale.
1817 2048 1974 2120 Salutem
1988 2061 2073 2140 opto
2096 2041 2216 2120 Wol-

326 2194 329 2199 ·
421 2119 476 2194 D·
498 2121 673 2217 1⁰⁶⁰l⁰
698 2121 936 2251 Μ’Ἡθῆἱθ,
1221 2137 1277 2233 fio
1291 2155 1325 2212 et
1339 2133 1542 2241 Cypriane.
1592 2147 1715 2220 ldibus
1730 2149 1893 2241 Augusti.

179 2256 231 2342 S.
255 2268 302 2343 D.
352 2268 445 2341 Cum
462 2269 536 2347 hue
554 2277 705 2347 venisset
721 2278 803 2348 Dux
819 2269 1064 2374 Augustus&
1087 2272 1174 2347 Ele·
1234 2368 1382 2380 ...-
1472 2301 1476 2309 ·

181 2385 281 2453 mot,
325 2371 597 2444 deliberavimus
632 2379 676 2446 de
714 2383 873 2472 petenda¹
906 2375 1175 2451 confirmatione

186 2464 413 2545 Academiae.
430 2469 581 2569 vl'lar'uit⁹
595 2474 992 2575 aulae'boc'consilium,
1018 2495 1051 2550 et
1065 2479 1173 2553 Prin·
1226 2512 1293 2588 No·
1305 2508 1419 2587 5451·

185 2591 270 2660 ceps
307 2570 497 2649 clementer
538 2577 675 2645 audivit
707 2575 918 2677 Academiae
951 2577 1174 2667 Orationem,
1226 2609 1396 2638 m

181 2693 292 2763 quam
315 2665 441 2742 babuit
453 2670 591 2744 Doctor
603 2668 854 2766 Laurentius,
886 2685 1119 2751 verecundam
1140 2696 1173 2752 et
1577 2720 1641 2803 M
1674 2718 1850 2806 Gon-m

175 2795 257 2841 non
284 2770 441 2862 longam.
498 2766 703 2866 Respondit
724 2778 895 2873 Princeps
923 2783 1116 2853 liberaliter
1139 2799 1172 2854 et
1636 2783 1646 2805 ⁰
1775 2747 1790 2802 ι
1854 2777 1866 2800 ’

176 2873 269 2965 pie.'
292 2870 347 2942 De
362 2875 448 2965 pub.
464 2877 617 2964 negotiis
634 2880 757 2970 scripsi
773 2881 810 2950 in
826 2883 977 2972 pagella,
999 2887 1170 2978 quaedam
1294 2891 1317 2959 †
1333 2887 1371 2941 ΕΙ
1383 2904 1478 2961 mer·
1489 2889 1519 2942 ⁵¹¹
1532 2889 1594 2945 ⁰⁰⁶·
1606 2890 1691 2947 Paris
1708 2890 1743 2947 Β·
1754 2891 1786 2950 L·
1801 2889 1834 2949 ⁵⁴
1841 2892 1863 2943 ⁸·

179 2961 449 3044 aCarolovicio
468 2990 622 3050 narrata.
673 2978 781 3052 Plura
803 2983 917 3077 dicam
934 3010 1073 3055 coram.
1124 2982 1171 3055 Et
1380 2998 1388 3010 “

178 3077 226 3145 ad
246 3099 309 3146 vos
330 3076 402 3147 iam
426 3079 642 3168 expatiarer‚
657 3081 742 3150 ‘nisi
765 3099 913 3177 propter
932 3082 1171 3175 Iurisconsul-
1223 3056 1280 3130 M
1283 3055 1446 3132 “ulai
1453 3087 1474 3133 ⁰
1500 3051 1711 3152 C⁰mn⁰2
1743 3063 1783 3134 ‘l’
1800 3058 2004 3191 Assld‘mia
2017 3055 2213 3158 Pfaffmsl·

178 3192 298 3247 torum
325 3180 525 3249 orationem
558 3182 656 3250 domi
683 3185 864 3268 retinerer.
928 3179 1170 3258 Camerarius

177 3279 354 3371 profectus
367 3293 419 3369 est
431 3273 697 3375 Noribergam.
734 3284 849 3358 Senex
865 3279 1071 3359 Palatinus
1085 3287 1170 3359 Ele-

178 3394 254 3451 ctor
277 3382 466 3453 literisme
488 3383 741 3474 benignissime
765 3391 905 3483 scriptis
928 3405 1029 3462 vocat
1051 3393 1089 3459 in
1105 3416 1168 3480 pa·
1222 3437 1345 3525 scripsi
1367 3450 1504 3524 tamen,
1537 3439 1621 3529 quia
1642 3434 1738 3507 hunc
1762 3435 1938 3527 hospitem
1954 3430 2159 3504 Huhmum
2174 3430 2210 3529 *)

1224 3213 1271 3298 S.
1297 3228 1342 3305 D.
1392 3229 1603 3305 Doctissime
1624 3237 1680 3306 vir
1703 3248 1737 3305 et
1750 3204 1867 3309 carisa.
1883 3235 2003 3309 frater.
2053 3229 2132 3303 Etsi
2147 3259 2211 3303 ne-

1222 3334 1394 3420 sciebam,
1419 3339 1562 3429 quando
1582 3331 1673 3409 hanc
1691 3338 1873 3426 epistolam
1889 3349 2094 3423 accepturus
2111 3358 2211 3417 esses,

177 3483 296 3554 triam.
345 3482 519 3553 Fortassis
542 3511 647 3603 pmcn
664 3501 716 3558 est
728 3490 949 3579 migrationis
964 3494 1003 3561 in
1018 3494 1169 3585 patriam
1221 3532 1476 3624 mumdum,
1508 3539 1570 3629 qui
1594 3561 1709 3606 mom
1733 3532 1920 3608 hominum
1941 3537 2137 3607 munorum
2154 3538 2209 3606 vi-

180 3583 395 3699 cpeleslem‘.
429 3583 500 3702 Sed
520 3610 590 3655 ”¹⁵¹
616 3591 830 3680 ⁰⁰u⁰g³mm
854 3617 957 3664 “ausa
978 3618 1169 3679 manerem’
1221 3638 1276 3706 dit
1295 3650 1328 3706 et
1350 3638 1474 3723 urbes,
1499 3638 1567 3719 tibi
1589 3640 1835 3707 commendare
1856 3638 1976 3724 volui,
2007 3651 2111 3731 teque
2134 3663 2209 3722 oro,
2246 3650 2261 3663 ‘

181 3683 337 3752 hbenm
355 3677 442 3752 hm
457 3683 687 3775 ‘incederem’
713 3716 788 3761 ¹¹⁰⁰
803 3695 918 3764 ⁸⁰¹¹¹¹¹¹
932 3708 1077 3786 pmpter
1092 3695 1169 3764 Μ’
1221 3752 1262 3809 ut
1283 3762 1363 3807 eum
1377 3753 1538 3809 amanter
1552 3739 1721 3830 excipias,
1745 3763 1825 3808 cum
1841 3738 1931 3808 istuc
1947 3739 2105 3823 venerit,
2130 3753 2164 3808 et
2177 3743 2209 3808 ei

182 3784 328 3899 ¹³²,⁸⁰d
349 3785 454 3902 ‘liam
471 3792 861 3911 Pr⁰ll¹e¹,i¹,¹gei¹i⁰n¹,¹¹¹
876 3797 1024 3868 mbiem·
1072 3797 1169 3867 Deus
1222 3853 1429 3910 ornamenta
1451 3842 1602 3935 inclytae
1621 3854 1756 3911 vestrae
1769 3838 1869 3910 urbis
1884 3838 2057 3908 ostendas.
2108 3835 2208 3908 Vixit

182 3884 278 3954 adsit
299 3885 419 3971 nobis,
450 3902 484 3957 et
506 3887 667 3982 Prrncrpr
683 3888 845 3988 Georgzo
869 3899 1053 3966 confirmet
1077 3900 1168 3968 vires
1221 3944 1315 4035 apud
1335 3967 1401 4013 nos
1417 3943 1491 4013 fere
1505 3944 1708 4030 biennium,
1736 3956 1771 4014 et
1784 3939 2039 4032 comperimus,
2062 3959 2135 4006 esse
2151 3941 2208 4006 vi.

181 3985 320 4056 animae
333 4000 366 4056 et
379 3990 546 4081 corporis.
597 3991 696 4063 Bene
711 3998 801 4071 vale.
854 3998 913 4070 13.
929 3994 1092 4089 Augusti.
1220 4068 1301 4114 mm
1334 4046 1545 4135 prudentem
1581 4059 1615 4115 et
1646 4045 1835 4134 integrum,
1891 4038 2076 4110 Libentius
2100 4039 2208 4111 etiam

1220 4146 1310 4217 istuc
1330 4146 1399 4218 iter
1420 4147 1522 4232 lacit,
1555 4160 1595 4218 ut
1617 4160 1651 4216 te
1676 4146 1890 4238 alloquatur.
1939 4135 2091 4211 Audivit
2111 4143 2207 4212 enim

1219 4271 1240 4317 a
1261 4271 1318 4316 me
1337 4247 1532 4338 praedicari
1554 4261 1589 4318 et
1608 4244 1844 4317 eruditionem
1864 4259 1899 4314 et
1914 4243 2080 4314 virtutem
2098 4257 2207 4314 tuam.

184 4346 254 4418 No.
267 4345 383 4423 5450.
922 4371 929 4378 ·
1001 4383 1054 4443 13,
1070 4374 1154 4458 Aug,
1218 4342 1410 4433 Academia
1430 4362 1551 4419 nostra
1572 4344 1688 4419 adbuc
1713 4344 1783 4418 Dei
1805 4346 1976 4419 beneficio
1997 4341 2106 4415 habet
2126 4339 2205 4463 hal-

178 4443 394 4485 ⁹⁹⁸⁴
996 4464 1166 4490 Μ
1219 4448 1363 4542 cyonia,
1401 4474 1491 4542 quae
1519 4464 1560 4520 ut
1589 4451 1661 4520 sint
1687 4451 1857 4521 diuturna
1880 4448 1985 4519 faciat
2007 4445 2101 4515 filius
2122 4442 2205 4532 Der,
2281 4485 2290 4497 -

511 4555 568 4644 B,
599 4561 829 4652 [lemelia
1218 4563 1336 4620 custos
1362 4545 1540 4622 Ecclesiae
1574 4572 1667 4623 suae.
1732 4551 1831 4623 Bene
1865 4566 1899 4624 et
1933 4547 2080 4619 feliciter
2112 4548 2202 4621 vate.
2285 4648 2295 4673 ο

1220 4651 1279 4726 18.
1294 4646 1447 4742 Augusti
1464 4648 1573 4728 1553.

1211 4820 1438 4840 “auh—n...-

185 4205 1165 4237 Μ

245 4702 329 4774 Epist.
348 4707 394 4766 lib.
406 4710 441 4767 11.
458 4731 486 4785 p·
501 4715 565 4774 810.
582 4720 636 4786 (ed.
647 4724 740 4780 Lond.
761 4725 808 4780 lib.
822 4724 855 4782 ll.
873 4747 916 4800 ep.
931 4727 983 4784 317
996 4734 1061 4804 ιφ).

253 4853 310 4935 D.
336 4854 552 4942 Iohanni
574 4869 834 4972 Bapllslass
857 4882 1080 4959 Heluidio
1254 4931 1277 4998 l)
1296 4926 1397 5000 Georg.
1413 4928 1567 5004 lithardus,
1585 4941 1677 5003 pastor
1691 4932 1722 4985 ad
1738 4929 1796 4984 aed.
1809 4929 1836 4983 S.
1852 4927 1933 4981 Petri·

172 4992 221 5078 S·
246 5008 292 5084 D.
343 5009 548 5090 Clarissima
562 5023 618 5092 vir
632 5039 669 5097 et
682 5025 1064 5119 patrone'cbarissime,
1089 5033 1162 5104 ldi-
1248 5028 1278 5096 2)
1301 5031 1453 5084 A⁰¹⁰¹¹¹¹¹¹¹¹
1467 5030 1627 5090 0¹¹¹¹⁰¹¹⁸¹¹¹·

171 5110 237 5178 bus
254 5111 408 5204 Augusti
430 5132 529 5190 tuam
545 5119 745 5216 Epistolam
768 5133 907 5220 accepi,
940 5134 977 5200 in
1001 5158 1070 5226 qua
1094 5139 1162 5204 sci·
1247 5129 1275 5195 *l
1294 5129 1448 5185 nubercam
1464 5132 1642 5202 Languetum.

173 5242 380 5265 *nn-

203 5306 234 5374 ¹⁸)
255 5306 418 5385 Vitebergae
430 5314 484 5370 tuit
497 5316 524 5373 d.
536 5274 648 5391 §.tang
668 5321 694 5374 b.
708 5340 732 5376 a.
