4776 6024
176 199 251 280 aas
313 187 317 197 ’

181 364 331 459 strues,
355 366 418 441 mc
432 361 490 455 fou
505 362 553 439 tte
568 360 673 454 discet
687 378 752 436 eoo
766 359 860 452 iteca
875 362 1020 455 getcttco
1034 359 1175 432 nutem

183 487 248 545 tect
270 468 319 543 ein
342 472 437 540 soter
459 463 670 558 &cornelium
698 465 855 557 vestiget,
880 468 932 537 tec
950 461 1011 552 fou
1027 458 1175 550 oerfiudpt

186 571 271 662 leur.
320 565 478 659 &egeam
493 564 532 653 itt
546 569 611 641 cot
626 564 719 637 bleibt
733 567 810 656 cod>
827 568 890 639 eine
907 563 1055 657 fidytbocc
1071 563 1176 648 scobe

187 669 305 764 bcftige
319 670 430 762 ficus
444 666 583 754 dictus,
605 666 645 740 ob
667 667 707 753 fic
729 667 822 759 gfdd)
836 666 916 758 aiat
937 667 1033 758 geete
1046 662 1174 754 modat,

189 774 262 847 obet
279 770 420 861 bcttlide
444 771 589 862 uettliclpe
603 766 721 861 bobeit
738 770 813 857 bot,
839 766 970 858 ndmtid)
988 768 1046 840 cue
1063 765 1176 854 dicdte

190 871 361 967 qtdubige,
385 868 524 945 tiedott
538 871 778 960 inueterauit
794 866 1104 963 supersuuntur
1120 888 1177 939 oss

748 186 1181 296 uersronasou
1231 185 1336 264 cus.
1361 184 1446 261 xu
1499 185 1632 264 asco.

2140 184 2221 264 724

1225 369 1349 442 stram,
1365 380 1431 430 nee
1440 382 1543 451 posse
1559 359 1616 451 pie
1633 359 1826 445 adsentiri,
1839 372 1875 431 et
1890 358 2071 430 editurum
2089 383 2128 429 se
2141 382 2223 434 esse

1227 454 1472 552 Apologiom,
1484 463 1620 554 inqua
1637 464 1765 532 refutet
1785 463 1876 531 falso
1894 462 2032 533 obiecta
2051 459 2218 535 crimina.

1225 557 1305 631 Etsi
1328 562 1432 632 doleo
1454 559 1634 633 Ecclesiae
1650 588 1751 634 causa
1775 562 1991 634 inflammari
2011 561 2161 635 dissidia
2185 581 2222 639 et

1226 662 1328 746 odia,
1354 677 1473 735 tamen
1490 659 1657 764 στέργειν
1674 662 1715 736 oi
1732 660 1848 736 παταί
1871 674 1918 758 ps
1942 661 2006 736 καὶ
2030 659 2221 762 ὁμαιιρός

1223 760 1361 859 χρόνος
1383 758 1569 851 διδάσκει,
1604 780 1645 838 ut
1666 769 1761 858 apud
1784 761 2003 864 Sophoclem
2027 789 2136 838 senex
2159 793 2221 839 ae-

1228 889 1418 936 rumnosus
1433 867 1561 961 inquit.
1610 867 1751 941 Rursm
1766 867 1878 958 igitur
1899 864 2016 940 trahet
2036 866 2075 938 in
2099 886 2220 962 partes

191 975 295 1066 tufts,
310 992 363 1050 mo
379 970 453 1062 oud)
469 972 542 1062 υἱεῖς
552 972 632 1062 fiat,
647 975 707 1045 mie
721 992 758 1064 gu
772 975 824 1045 bet
834 970 1006 1061 &parisiac
1013 973 1178 1046 11an
1229 960 1451 1064 Polyphemi
1463 969 1565 1041 filios.
1616 968 1689 1040 Nec
1704 967 1794 1038 mibi
1811 972 1955 1040 difficile
1978 970 2045 1041 erit
2068 974 2217 1044 undem

193 1075 306 1150 ccedet
318 1077 442 1159 seiten,
466 1075 514 1146 tie
530 1073 765 1168 interfuerit
785 1077 850 1146 cub
866 1076 909 1146 in
923 1074 1096 1165 dteqimnt
1112 1092 1178 1145 uo

194 1198 272 1264 cen,
298 1182 362 1250 oet
383 1193 491 1249 mcccc
508 1175 580 1268 bod)
611 1177 691 1266 sidu
714 1180 768 1249 tec
792 1174 1022 1268 oobtboftigen
1045 1171 1177 1264 uitem

195 1277 383 1368 dtieomefi,
423 1276 552 1366 fontan
584 1276 757 1372 &adelger
789 1283 853 1350 unt
886 1276 1073 1368 Epicurei,
1112 1277 1177 1362 fico

195 1379 374 1472 gleidsnott
405 1376 502 1470 reduc
521 1378 630 1470 titus
651 1377 785 1470 geoden
809 1379 1000 1470 domerias,
1026 1378 1177 1464 Θίιηιοιι,

1229 1070 1440 1161 abrumpere
1463 1065 1549 1140 haec
1577 1071 1787 1169 certamina,
1818 1085 1854 1143 et
1879 1074 2058 1143 discedere
2092 1098 2135 1143 ex
2163 1072 2220 1145 bis

1229 1170 1452 1259 regionibus,
1494 1185 1530 1242 et
1563 1171 1650 1240 alibi
1678 1174 1912 1258 constituere,
1951 1171 2027 1245 Deo
2061 1171 2226 1261 iuvante,

1229 1272 1327 1360 pium
1347 1295 1578 1357 consensum,
1599 1276 1644 1343 de
1660 1298 1729 1367 qua
1746 1298 1784 1344 re
1804 1277 1870 1346 tibi
1886 1299 2004 1345 meum
2024 1277 2221 1348 consilium

1229 1397 1414 1464 exponam.
1464 1369 1560 1444 Ante
1579 1376 1671 1445 duos
1693 1400 1828 1447 menses
1849 1377 1990 1470 scripsit
2009 1379 2057 1448 ad
2078 1403 2137 1451 me
2162 1403 2225 1450 ra-

196 1480 340 1571 Serapi),
364 1479 482 1563 duno,
507 1478 646 1564 blatis,
672 1477 854 1569 lliifobetb,
879 1485 944 1552 unt
968 1481 1043 1552 ciete
1066 1486 1178 1552 antece
1229 1472 1327 1544 biose
1343 1467 1548 1559 Frederus,
1574 1488 1608 1545 te
1622 1490 1656 1546 et
1672 1502 1726 1547 me
1743 1478 1929 1569 praecipue
1943 1479 2103 1549 lacerans
2116 1503 2222 1551 acer·

197 1584 232 1654 ia
258 1580 356 1654 nieles
376 1580 519 1666 mutem
550 1581 598 1654 tie
621 1579 794 1667 senories
818 1581 894 1667 teht
922 1581 1077 1673 felgeres,
1114 1586 1177 1653 uuo

197 1682 279 1770 oibt
308 1681 558 1780 bctflbotifdec
587 1686 653 1753 tao
678 1682 880 1758 montier.
935 1687 1005 1754 unt
1030 1682 1095 1769 fico
1119 1682 1178 1754 otte

1229 1575 1336 1646 bitate
1351 1577 1523 1647 orationis
1538 1601 1613 1647 non
1630 1579 1778 1669 vulgari.
1831 1576 1924 1651 Usus
1940 1604 2019 1649 sum
2033 1605 2112 1651 mea
2129 1577 2225 1653 Pbi·

1229 1673 1411 1767 losophia,
1437 1678 1475 1747 in
1493 1704 1561 1773 qua
1577 1703 1651 1749 non
1666 1680 1735 1748 iam
1750 1704 1827 1750 sum
1842 1682 1941 1752 rudis
1958 1694 2054 1776 tyro,
2071 1678 2142 1752 boc
2157 1686 2225 1771 es't,

199 1781 511 1876 waulbenfdpulbiq
523 1805 560 1874 gu
575 1784 697 1866 brnen,
717 1784 841 1873 mairiu,
868 1789 930 1854 unt
944 1802 995 1855 too
1018 1786 1064 1857 bie
1085 1785 1178 1870 reduc
1230 1779 1334 1849 tacui.
1387 1777 1490 1850 Nunc
1514 1780 1602 1851 scire
1627 1781 1752 1872 cupio,
1778 1782 1864 1875 quid
1889 1785 1982 1875 apud
2013 1807 2073 1853 vos
2096 1799 2224 1856 actum

198 1887 305 1972 ,fitne
328 1883 392 1970 itt
418 1889 482 1957 unt
504 1884 559 1974 scd)
580 1905 618 1976 gu
641 1884 823 1976 berfetbigen
846 1906 883 1975 qu
901 1884 1006 1972 baltea
1029 1888 1086 1956 mit
1102 1887 1179 1976 clei:

1229 1880 1292 1963 sit,
1308 1895 1342 1950 et
1357 1906 1447 1973 quae
1463 1882 1534 1975 sint
1551 1896 1665 1952 vestra
1681 1884 1839 1958 consilia.
1866 1879 1945 1955 Oro
1960 1898 2072 1954 autem
2081 1882 2225 1969 Deum,

198 1989 262 2077 dyst
278 1983 482 2075 tebtttbtbt
499 1988 563 2059 ttttb
578 1985 688 2072 tetbttt
701 1983 1020 2078 liutufungdiotted,
1045 1988 1178 2059 mouit
1230 1993 1272 2051 ut
1292 1984 1459 2072 reprimat
1481 1978 1552 2077 τὴν
1575 1981 1685 2078 ἄτην,
1717 1986 1846 2076 passim
1871 1987 2117 2057 accendentem
2140 1987 2224 2059 dis-

200 2089 311 2178 ceptet
327 2085 545 2179 Belmutcif,
570 2090 635 2161 uuo
650 2085 738 2173 &leil
748 2084 1069 2179 dpciflttdpcttioiqtcit
1080 2107 1118 2179 ιιι
1133 2108 1180 2163 ets

1229 2083 1383 2160 cordias,
1408 2097 1442 2154 et
1458 2083 1722 2156 contristantem
1744 2081 1788 2159 τὸ
1804 2080 1915 2186 oiyios‘
1930 2091 2055 2181 πεῦμα
2076 2088 2118 2161 ἐν
2139 2091 2224 2173 τοῖς

199 2189 325 2276 butten,
344 2189 404 2261 trie
425 2189 472 2260 bie
487 2190 637 2278 vicima
661 2188 818 2280 [premens
846 2188 965 2261 Unum
983 2192 1086 2282 petii,
1111 2189 1179 2265 hoc
1230 2179 1341 2258 ὁσίαν
1361 2177 1510 2281 εἰρήνην
1534 2181 1718 2285 ἀγαπῶσι.
1776 2185 1879 2259 Hanc
1911 2191 2097 2281 epistolam
2132 2192 2221 2261 dedi

200 2290 397 2383 requiram,
421 2304 462 2360 ut
477 2286 630 2361 habitem
652 2290 690 2359 in
704 2294 812 2362 domo
827 2293 966 2363 domini
980 2307 1044 2366 etc.
1067 2294 1177 2378 Sient:

200 2393 311 2472 beati,
336 2392 398 2483 qui
418 2385 583 2464 habitant
604 2391 641 2461 in
661 2394 768 2462 domo
791 2409 868 2478 tua,
888 2392 1055 2468 Domine.
1106 2400 1178 2470 ltnt

1229 2285 1308 2355 viro
1322 2287 1425 2356 docto
1450 2301 1484 2358 et
1509 2288 1649 2359 erudito
1666 2288 1704 2357 in
1721 2287 1820 2375 lure,
1846 2292 2009 2363 doctrina
2024 2288 2221 2376 Ecclesiae,

1229 2401 1263 2456 et
1279 2379 1427 2456 Latina
1452 2402 1486 2459 et
1505 2381 1651 2460 Graeca
1674 2391 1816 2483 lingua,
1840 2408 1921 2464 nata
1945 2394 1983 2461 in
2008 2386 2223 2488 Rapinenst

198 2495 242 2566 im
259 2490 418 2576 &ambulo
444 2493 537 2582 fellea
557 2495 618 2567 mir
640 2492 828 2580 betthten,
859 2501 932 2567 mos
954 2496 1048 2584 tthte
1070 2497 1179 2588 &iube
1230 2489 1391 2578 regione,
1426 2484 1640 2561 Ertmanno
1663 2480 1882 2590 Coperm'co,
1914 2495 1976 2589 qui
2002 2496 2221 2585 gubernavit

198 2591 254 2681 itt,
288 2592 319 2683 [ο
340 2594 403 2668 otc
420 2592 572 2684 ipttdtttt:
610 2599 715 2665 credo
739 2595 934 2669 Ecclesiam
959 2596 1179 2686 catholicam,

1230 2584 1386 2659 scholam
1402 2584 1799 2687 Broodcnburgensem
1814 2619 1927 2666 annos
1944 2592 2084 2690 octo¹).
2111 2596 2220 2668 Post-

197 2693 329 2779 ndmlid)
353 2695 433 2786 nidpt
451 2693 622 2788 {thurificet
642 2699 706 2770 uttb
723 2696 892 2790 (ibicum,
917 2692 998 2789 nicht
1015 2699 1179 2795 blasphe.
1229 2715 1268 2760 ea
1292 2687 1351 2760 hic
1374 2717 1453 2763 cum
1479 2696 1629 2785 coniuge
1657 2691 1801 2767 honesta
1836 2712 1870 2769 et
1903 2699 2042 2769 duabus
2072 2699 2219 2770 filiabus

198 2824 270 2869 mas
292 2800 355 2868 unt
377 2792 590 2884 homicidas,
615 2798 746 2887 fontem
766 2802 884 2892 odegcit
906 2801 982 2888 bitte
1003 2799 1178 2893 dilectura,

196 2918 248 2977 too
262 2897 301 2988 [ie
319 2897 402 2988 fist,
428 2899 475 2972 oie
490 2899 584 2984 reduc
599 2898 675 2986 fetat
690 2904 754 2974 eut
770 2901 862 2991 ceute
876 2890 1050 2995 lucubri
1064 2907 1177 2994 bobes.

197 2997 248 3080 So
275 2998 367 3088 bicfcc
387 2997 622 3092 mobeboftigcu
638 3000 769 3087 dictim
792 3002 857 3090 fot
874 3007 935 3076 tois
951 3006 1043 3095 berb
1059 3005 1177 3083 dotes

200 3097 357 3183 dacter,
380 3104 445 3173 ooo
460 3100 557 3172 bittm
574 3099 677 3187 dett,
701 3122 733 3174 ec
748 3104 839 3176 nolte
861 3111 925 3178 unt
947 3105 1121 3200 gestique,
1143 3102 1177 3185 in

43 3204 51 3231 ¹
196 3199 293 3288 oiefec.
311 3198 559 3296 declamatum
581 3202 738 3292 erbottco,
763 3206 867 3277 boton
888 3225 920 3278 ec
942 3207 1070 3299 [subtr
1093 3237 1177 3283 oves

194 3326 291 3372 meae
309 3327 429 3374 vocem
442 3327 555 3374 meam
571 3306 739 3396 audiunt,
768 3305 896 3378 Amen.

755 3407 899 3501 utpium.
919 3369 1140 3500 dlielootbou.¹

831 3510 927 3586 Zeno
945 3510 1053 3589 1566.

193 3712 769 3731 Μ.-

188 3857 388 3987 Q.

1013 3871 1176 3992 ιι·

513 4059 610 4148 Iao.
640 4002 836 4183 llunpio.

252 4233 336 4304 Epist.
353 4235 399 4294 lib.
416 4235 437 4294 l.
454 4257 482 4310 p.
495 4238 556 4296 292.
574 4239 631 4311 fed·
649 4240 738 4298 tons.
758 4240 806 4298 lib.
823 4244 847 4298 1.
866 4245 1006 4316 ep01010).

432 4385 486 4462 D.
511 4387 688 4466 lacobo
712 4391 909 4494 Ruogio

180 4523 228 4608 S.
244 4535 289 4611 D.
348 4538 557 4615 Reverende
579 4548 652 4634 vir,
681 4563 718 4621 et
740 4547 886 4629 chariss.
905 4555 1033 4641 frater,
1077 4553 1167 4629 Heri

152 4662 157 4673 ·
180 4633 248 4709 buc
271 4643 395 4717 allatae
415 4660 499 4718 sunt
512 4640 672 4719 Fredcri
683 4651 823 4740 literae,
844 4680 931 4751 quas
953 4656 1093 4750 scripsit
1119 4662 1164 4730 ad

175 4733 358 4831 Eberom,
387 4772 467 4819 curn
492 4753 703 4841 respondeat
722 4757 767 4823 ad
792 4781 1015 4829 communem
1031 4758 1163 4851 episto·

174 4841 265 4925 lam,
290 4870 309 4914 a
331 4850 478 4940 collegio
505 4867 627 4925 nostro
649 4855 886 4947 placidissime
908 4860 1095 4950 scriptam,
1121 4861 1160 4930 in

171 4968 241 5037 qua
264 4968 345 5015 cum
368 4951 478 5023 simus
494 4979 575 5026 eum
592 4950 745 5040 hortati,
772 4983 818 5028 nc
833 4956 1022 5053 Synodum
1039 4984 1159 5054 asper-

168 5045 341 5146 netur¹),
366 5069 486 5127 narrat
499 5080 535 5126 se
553 5083 627 5130 non
643 5060 824 5133 accessisse
838 5056 1078 5159 adSynodum
1095 5089 1158 5134 ve-

165 5214 395 5234 Μ

192 5327 220 5391 l)
245 5324 309 5382 vid.
325 5328 404 5402 epist.
418 5327 445 5384 d.
462 5328 508 5385 26·
522 5327 587 5389 Oet.
604 5333 680 5391 test.

1229 2794 1485 2865 modestissime
1509 2796 1612 2883 vixit,
1644 2812 1678 2871 et
1702 2799 1758 2868 ius
1787 2799 1892 2870 civile
1915 2799 2041 2891 didicit
2062 2826 2102 2869 ac
2126 2800 2218 2871 alios

1229 2894 1360 2968 docuit.
1409 2894 1552 2969 Etcum
1568 2899 1682 2969 studia
1699 2901 1882 2971 doctrinae
1898 2915 2006 2984 amet,
2034 2903 2160 2973 mallet
2177 2903 2218 2972 in

1229 2993 1420 3067 Academia
1435 2998 1566 3085 vivere,
1581 3024 1686 3094 quam
1703 3015 1840 3072 tantum
1855 3003 1893 3071 in
1909 3002 1995 3071 rixis
2010 3005 2220 3073 forensibus

1228 3120 1434 3168 consumere
1458 3113 1616 3172 aetatem.
1667 3101 1751 3172 Meo
1776 3104 1885 3194 igiitur
1906 3104 2056 3175 consilio
2082 3108 2127 3174 ad
2155 3129 2220 3175 vos

1229 3198 1478 3287 proficiscitur,
1502 3216 1535 3272 et
1548 3202 1636 3293 petit
1656 3203 1773 3275 locum
1793 3205 1945 3275 docendi
1967 3205 2220 3276 institutiones

1228 3296 1361 3386 Legum
1376 3302 1415 3369 iu
1433 3315 1545 3373 vestra
1561 3301 1772 3390 Academia,
1799 3331 1903 3399 quem
1922 3307 2097 3398 relinquet
2113 3303 2219 3375 Ioa-

1229 3392 1389 3480 ιΙιίιηιιι,
1416 3405 1478 3495 qui
1495 3398 1665 3476 hactenus
1679 3409 1773 3499 apud
1792 3432 1855 3478 vos
1870 3408 1977 3478 lector
1991 3408 2067 3476 fuit.
2120 3406 2217 3479 Scio

1228 3525 1301 3571 esse
1315 3498 1674 3576 huncErlmaonom
1691 3510 1806 3580 virum
1823 3505 2025 3592 honestum,
2038 3506 2220 3579 minime-

1228 3629 1297 3697 que
1315 3605 1518 3693 factiosum,
1545 3621 1579 3679 et
1590 3609 1719 3702 opinor
1741 3632 1843 3703 posse
1865 3635 1945 3681 eum
1967 3612 2135 3702 prodesse
2159 3611 2219 3680 di-

1227 3707 1422 3793 scentibus,
1437 3731 1478 3778 eo
1494 3709 1619 3794 etiam,
1635 3711 1718 3806 quia
1733 3726 1766 3783 et
1782 3713 1925 3803 ingenio
1942 3713 2053 3793 valet,
2079 3727 2116 3782 et
2134 3711 2217 3783 aliis

1228 3809 1400 3878 doctrinis
1413 3811 1571 3881 excultus
1587 3825 1658 3898 est,
1684 3818 1775 3906 qu'ae
1795 3814 2004 3906 interpretes
2026 3813 2215 3889 adiuvant.

1228 3909 1341 3980 Valde
1354 3925 1389 3980 tc
1404 3935 1487 3995 oro,
1512 3925 1643 3983 uteum
1662 3912 1902 3986 illustrissimo
1918 3913 2075 4006 Principi
2094 3930 2213 3986 vestro

1227 4025 1260 4080 et
1280 4007 1326 4081 D.
1341 4011 1563 4083 Cancellario
1587 4020 1832 4100 commendes,
1858 4029 1918 4102 ut,
1940 4015 1969 4085 si
1991 4014 2069 4086 lieri
2084 4029 2212 4109 potest,

1226 4113 1257 4182 ei
1272 4116 1415 4184 tradant
1429 4137 1505 4183 eam
1521 4114 1719 4185 lectionem.
1770 4115 1851 4189 Scio
1867 4142 1929 4188 vos
1950 4117 2062 4209 ipsius
2087 4118 2211 4188 erudi·

1224 4215 1377 4299 tionem,
1400 4215 1609 4286 modestiam
1632 4231 1666 4288 et
1680 4217 1899 4308 diligentiam
1922 4219 2072 4289 inomni
2092 4218 2211 4290 officio

1222 4319 1434 4409 probaturos
1451 4340 1536 4391 esse.
1587 4315 1685 4388 Bene
1700 4333 1733 4390 et
1752 4320 1905 4392 feliciter
1922 4320 2010 4392 vale.
2061 4319 2135 4391 Die
2148 4316 2210 4394 25.

1222 4416 1365 4503 Martii,
1391 4443 1462 4510 quo
1475 4416 1590 4489 Filios
1606 4418 1674 4490 Dei
1689 4435 1770 4492 ante
1787 4444 1899 4491 annos
1919 4418 2017 4495 1522
2040 4421 2079 4490 in
2105 4444 2210 4493 cruce

1220 4519 1360 4591 victima
1383 4522 1494 4591 factus
1517 4527 1589 4604 est‘,
1614 4536 1734 4615 ecquo
1754 4523 1813 4593 die
1838 4523 2003 4595 scribitur
2028 4517 2149 4593 Adam
2175 4536 2211 4595 et

1217 4616 1329 4691 Evam
1354 4635 1486 4694 creatos
1510 4646 1582 4691 esse
1598 4636 1679 4692 ante
1692 4647 1805 4694 annos
1819 4620 1933 4700 6510,
1982 4620 2105 4694 Hodie
2122 4620 2211 4695 hinc

1214 4745 1337 4793 rcrrsns
1359 4724 1508 4794 discedit
1533 4722 1705 4808 nuncius,
1732 4725 1795 4819 qui
1816 4742 1974 4799 nostram
1998 4726 2211 4816 responsio-

1213 4846 1294 4892 nem
1309 4827 1439 4909 adfert,
1465 4820 1558 4917 πρὸς
1570 4819 1639 4897 τὸν
1654 4822 1788 4919 ἔχοντα
1805 4825 1927 4922 ὄνομα
1942 4830 2013 4900 τοῦ
2027 4824 2120 4901 υἱοῦ
2134 4826 2208 4901 θε-

1210 4924 1280 4998 coci
1292 4921 1647 5025 τοῦ·σιιιιιίωνις’).;
1980 4929 1983 4932 ’

1210 5100 1342 5110 -ο---ω-η
1351 5101 1370 5109 ,.
1390 5102 1413 5108 .-

1240 5150 1413 5251 ”Eundem
1436 5181 1623 5254 Copemicom
1645 5183 1819 5240 commendet
1842 5181 2062 5256 archiepiscopo
2080 5181 2209 5255 Mogon-

1189 5294 1193 5301 .
1272 5253 1333 5307 tino
1345 5250 1375 5306 d·
1390 5255 1414 5308 1.
1423 5253 1488 5307 fon.
1502 5252 1578 5306 1⁵56.

1235 5337 1267 5413 'l
1284 5336 1343 5396 Le.
1360 5334 1396 5394 sd
1412 5336 1631 5410 Maximilisoum
1639 5377 1649 5406 ‚
1666 5335 1706 5394 rel
1718 5335 1810 5408 potius
1823 5335 1995 5392 Pleuratum.
