<?xml version="1.0" encoding="UTF-8"?>
<!DOCTYPE html PUBLIC "-//W3C//DTD XHTML 1.0 Transitional//EN"
    "http://www.w3.org/TR/xhtml1/DTD/xhtml1-transitional.dtd">
<html xmlns="http://www.w3.org/1999/xhtml" xml:lang="en" lang="en">
 <head>
  <title>
</title>
<meta http-equiv="Content-Type" content="text/html;charset=utf-8" />
  <meta name='ocr-system' content='tesseract 3.04.00' />
  <meta name='ocr-capabilities' content='ocr_page ocr_carea ocr_par ocr_line ocrx_word'/>
</head>
<body>
  <div class='ocr_page' id='page_1' title='image "./philippimelanth09melagoog_0017.png"; bbox 0 0 4776 6024; ppageno 0'>
   <div class='ocr_carea' id='block_1_1' title="bbox 387 210 2121 315">
    <p class='ocr_par' dir='ltr' id='par_1_1' title="bbox 387 210 2121 315">
     <span class='ocr_line' id='line_1_1' title="bbox 387 210 2121 315; baseline 0.017 -29"><span class='ocrx_word' id='word_1_1' title='bbox 387 212 393 217; x_wconf 81' lang='grc'><strong>’</strong></span> <span class='ocrx_word' id='word_1_2' title='bbox 527 270 529 275; x_wconf 86' lang='grc'>-</span> <span class='ocrx_word' id='word_1_3' title='bbox 667 210 942 292; x_wconf 72' lang='lat' dir='ltr'>ANNALES</span> <span class='ocrx_word' id='word_1_4' title='bbox 976 213 1165 293; x_wconf 79' lang='lat' dir='ltr'><strong>VITAE</strong></span> <span class='ocrx_word' id='word_1_5' title='bbox 1199 215 1332 293; x_wconf 77' lang='lat' dir='ltr'><strong>Mitt.</strong></span> <span class='ocrx_word' id='word_1_6' title='bbox 1386 218 1520 300; x_wconf 73' lang='lat'><strong>1555.</strong></span> <span class='ocrx_word' id='word_1_7' title='bbox 2076 256 2121 315; x_wconf 78' lang='lat'><strong>¹1</strong></span> 
     </span>
    </p>
   </div>
   <div class='ocr_carea' id='block_1_2' title="bbox 116 329 2121 533">
    <p class='ocr_par' dir='ltr' id='par_1_2' title="bbox 116 329 2121 533">
     <span class='ocr_line' id='line_1_2' title="bbox 116 329 2121 533; baseline 0.01 -39"><span class='ocrx_word' id='word_1_8' title='bbox 116 329 182 503; x_wconf 48' lang='lat'><strong>133:</strong></span> <span class='ocrx_word' id='word_1_9' title='bbox 214 429 300 495; x_wconf 85' lang='lat' dir='ltr'><strong>Nora</strong></span> <span class='ocrx_word' id='word_1_10' title='bbox 323 429 416 491; x_wconf 91' lang='lat' dir='ltr'><strong>editio</strong></span> <span class='ocrx_word' id='word_1_11' title='bbox 441 427 514 488; x_wconf 82' lang='lat' dir='ltr'>libri</span> <span class='ocrx_word' id='word_1_12' title='bbox 540 421 682 508; x_wconf 77' lang='lat' dir='ltr'><strong>Chytraei</strong></span> <span class='ocrx_word' id='word_1_13' title='bbox 704 426 740 487; x_wconf 89' lang='lat' dir='ltr'><strong>da</strong></span> <span class='ocrx_word' id='word_1_14' title='bbox 762 431 955 490; x_wconf 89' lang='lat' dir='ltr'><strong>matrimonio</strong></span> <span class='ocrx_word' id='word_1_15' title='bbox 976 442 1116 531; x_wconf 82' lang='lat' dir='ltr'><strong>paratur,</strong></span> <span class='ocrx_word' id='word_1_16' title='bbox 1151 426 1379 495; x_wconf 86' lang='lat' dir='ltr'><strong>aMelanthone</strong></span> <span class='ocrx_word' id='word_1_17' title='bbox 1401 439 1514 518; x_wconf 77' lang='lat' dir='ltr'><strong>passim</strong></span> <span class='ocrx_word' id='word_1_18' title='bbox 1527 441 1687 505; x_wconf 81' lang='lat' dir='ltr'><strong>emendati.</strong></span> <span class='ocrx_word' id='word_1_19' title='bbox 1738 439 1787 509; x_wconf 82' lang='lat' dir='ltr'><strong>cf.</strong></span> <span class='ocrx_word' id='word_1_20' title='bbox 1802 466 1851 530; x_wconf 88' lang='lat' dir='ltr'><strong>ep.</strong></span> <span class='ocrx_word' id='word_1_21' title='bbox 1864 447 1902 510; x_wconf 89' lang='lat' dir='ltr'><strong>ad</strong></span> <span class='ocrx_word' id='word_1_22' title='bbox 1919 442 2026 533; x_wconf 76' lang='lat' dir='ltr'><strong>chytr.</strong></span> <span class='ocrx_word' id='word_1_23' title='bbox 2043 450 2073 514; x_wconf 80' lang='lat' dir='ltr'><strong>d.</strong></span> <span class='ocrx_word' id='word_1_24' title='bbox 2089 452 2121 521; x_wconf 91' lang='lat' dir='ltr'><strong>d.</strong></span> 
     </span>
    </p>
   </div>
   <div class='ocr_carea' id='block_1_3' title="bbox 93 528 1647 1679">
    <p class='ocr_par' dir='ltr' id='par_1_3' title="bbox 267 528 761 600">
     <span class='ocr_line' id='line_1_3' title="bbox 267 528 761 600; baseline 0 -10"><span class='ocrx_word' id='word_1_25' title='bbox 267 540 299 600; x_wconf 90' lang='lat'><strong>1.</strong></span> <span class='ocrx_word' id='word_1_26' title='bbox 314 532 404 594; x_wconf 81' lang='lat' dir='ltr'><strong>Febr.</strong></span> <span class='ocrx_word' id='word_1_27' title='bbox 420 543 450 590; x_wconf 86' lang='lat' dir='ltr'><strong>et</strong></span> <span class='ocrx_word' id='word_1_28' title='bbox 467 529 496 590; x_wconf 89' lang='lat' dir='ltr'><strong>d.</strong></span> <span class='ocrx_word' id='word_1_29' title='bbox 512 535 567 598; x_wconf 85' lang='lat'><strong>19.</strong></span> <span class='ocrx_word' id='word_1_30' title='bbox 582 529 670 589; x_wconf 83' lang='lat' dir='ltr'>Febr.</span> <span class='ocrx_word' id='word_1_31' title='bbox 685 528 717 590; x_wconf 80' lang='lat' dir='ltr'><strong>h.</strong></span> <span class='ocrx_word' id='word_1_32' title='bbox 733 550 761 590; x_wconf 87' lang='lat' dir='ltr'><strong>a.</strong></span> 
     </span>
    </p>

    <p class='ocr_par' dir='ltr' id='par_1_4' title="bbox 122 628 1647 971">
     <span class='ocr_line' id='line_1_4' title="bbox 122 628 1522 736; baseline 0.003 -22"><span class='ocrx_word' id='word_1_33' title='bbox 122 658 179 720; x_wconf 78' lang='lat'><strong>27.</strong></span> <span class='ocrx_word' id='word_1_34' title='bbox 211 649 367 714; x_wconf 87' lang='lat' dir='ltr'><strong>Ecclesiae</strong></span> <span class='ocrx_word' id='word_1_35' title='bbox 378 653 412 709; x_wconf 92' lang='lat' dir='ltr'><strong>in</strong></span> <span class='ocrx_word' id='word_1_36' title='bbox 423 644 550 708; x_wconf 81' lang='lat' dir='ltr'><strong>Potonia</strong></span> <span class='ocrx_word' id='word_1_37' title='bbox 564 642 769 709; x_wconf 86' lang='lat' dir='ltr'><strong>Melanthonia</strong></span> <span class='ocrx_word' id='word_1_38' title='bbox 783 628 932 709; x_wconf 82' lang='lat' dir='ltr'><strong>iudicium</strong></span> <span class='ocrx_word' id='word_1_39' title='bbox 946 647 984 709; x_wconf 89' lang='lat' dir='ltr'><strong>de</strong></span> <span class='ocrx_word' id='word_1_40' title='bbox 1001 643 1137 712; x_wconf 88' lang='lat' dir='ltr'><strong>Stancari</strong></span> <span class='ocrx_word' id='word_1_41' title='bbox 1154 634 1351 734; x_wconf 82' lang='lat' dir='ltr'><strong>opinionibus</strong></span> <span class='ocrx_word' id='word_1_42' title='bbox 1364 666 1522 736; x_wconf 82' lang='lat' dir='ltr'><strong>expetunt.</strong></span> 
     </span>
     <span class='ocr_line' id='line_1_5' title="bbox 212 761 1282 850; baseline 0.003 -20"><span class='ocrx_word' id='word_1_43' title='bbox 212 766 391 850; x_wconf 81' lang='lat' dir='ltr'><strong>Scripturas</strong></span> <span class='ocrx_word' id='word_1_44' title='bbox 407 764 499 826; x_wconf 88' lang='lat' dir='ltr'><strong>estad</strong></span> <span class='ocrx_word' id='word_1_45' title='bbox 514 761 686 826; x_wconf 84' lang='lat' dir='ltr'><strong>Pruseiacos</strong></span> <span class='ocrx_word' id='word_1_46' title='bbox 703 766 740 826; x_wconf 88' lang='lat' dir='ltr'><strong>de</strong></span> <span class='ocrx_word' id='word_1_47' title='bbox 756 765 975 828; x_wconf 66' lang='lat' dir='ltr'><strong>inhabitatione</strong></span> <span class='ocrx_word' id='word_1_48' title='bbox 992 764 1104 829; x_wconf 82' lang='lat' dir='ltr'><strong>Christi</strong></span> <span class='ocrx_word' id='word_1_49' title='bbox 1116 771 1150 829; x_wconf 86' lang='lat' dir='ltr'><strong>in</strong></span> <span class='ocrx_word' id='word_1_50' title='bbox 1164 774 1282 834; x_wconf 86' lang='lat' dir='ltr'><strong>sanctis.</strong></span> 
     </span>
     <span class='ocr_line' id='line_1_6' title="bbox 213 882 1647 971; baseline 0.006 -24"><span class='ocrx_word' id='word_1_51' title='bbox 213 883 393 948; x_wconf 86' lang='lat' dir='ltr'><strong>Melanthon</strong></span> <span class='ocrx_word' id='word_1_52' title='bbox 404 886 498 945; x_wconf 84' lang='lat' dir='ltr'><strong>mittit</strong></span> <span class='ocrx_word' id='word_1_53' title='bbox 514 882 724 945; x_wconf 86' lang='lat' dir='ltr'><strong>definitionum</strong></span> <span class='ocrx_word' id='word_1_54' title='bbox 738 886 894 963; x_wconf 86' lang='lat' dir='ltr'><strong>libellum,</strong></span> <span class='ocrx_word' id='word_1_55' title='bbox 919 887 982 946; x_wconf 82' lang='lat' dir='ltr'><strong>sive</strong></span> <span class='ocrx_word' id='word_1_56' title='bbox 999 906 1125 946; x_wconf 87' lang='lat' dir='ltr'><strong>examen</strong></span> <span class='ocrx_word' id='word_1_57' title='bbox 1139 884 1387 971; x_wconf 78' lang='lat' dir='ltr'><strong>Megalpurgense</strong></span> <span class='ocrx_word' id='word_1_58' title='bbox 1400 894 1511 953; x_wconf 88' lang='lat' dir='ltr'><strong>iterum</strong></span> <span class='ocrx_word' id='word_1_59' title='bbox 1522 891 1647 956; x_wconf 89' lang='lat' dir='ltr'><strong>editum.</strong></span> 
     </span>
    </p>

    <p class='ocr_par' dir='ltr' id='par_1_5' title="bbox 119 997 1460 1202">
     <span class='ocr_line' id='line_1_7' title="bbox 119 997 1460 1086; baseline 0.005 -23"><span class='ocrx_word' id='word_1_60' title='bbox 119 1009 181 1073; x_wconf 81' lang='lat'><strong>28.</strong></span> <span class='ocrx_word' id='word_1_61' title='bbox 215 1000 351 1063; x_wconf 86' lang='lat' dir='ltr'><strong>Vocatur</strong></span> <span class='ocrx_word' id='word_1_62' title='bbox 365 1006 396 1062; x_wconf 91' lang='lat' dir='ltr'><strong>in</strong></span> <span class='ocrx_word' id='word_1_63' title='bbox 409 1005 510 1063; x_wconf 89' lang='lat' dir='ltr'><strong>aulam</strong></span> <span class='ocrx_word' id='word_1_64' title='bbox 523 997 671 1065; x_wconf 83' lang='lat' dir='ltr'><strong>Electoris</strong></span> <span class='ocrx_word' id='word_1_65' title='bbox 684 1004 723 1064; x_wconf 90' lang='lat' dir='ltr'><strong>ad</strong></span> <span class='ocrx_word' id='word_1_66' title='bbox 737 1004 982 1065; x_wconf 77' lang='lat' dir='ltr'><strong>deliberationem</strong></span> <span class='ocrx_word' id='word_1_67' title='bbox 996 1003 1035 1064; x_wconf 90' lang='lat' dir='ltr'><strong>de</strong></span> <span class='ocrx_word' id='word_1_68' title='bbox 1047 1007 1234 1086; x_wconf 69' lang='lat' dir='ltr'><strong>inspectione</strong></span> <span class='ocrx_word' id='word_1_69' title='bbox 1246 1004 1460 1070; x_wconf 83' lang='lat' dir='ltr'><strong>Ecclesierum.</strong></span> 
     </span>
     <span class='ocr_line' id='line_1_8' title="bbox 216 1116 1449 1202; baseline 0.001 -19"><span class='ocrx_word' id='word_1_70' title='bbox 216 1118 312 1184; x_wconf 81' lang='lat' dir='ltr'><strong>Mittit</strong></span> <span class='ocrx_word' id='word_1_71' title='bbox 323 1124 454 1202; x_wconf 79' lang='lat' dir='ltr'><strong>pagellas</strong></span> <span class='ocrx_word' id='word_1_72' title='bbox 469 1119 506 1181; x_wconf 87' lang='lat' dir='ltr'><strong>de</strong></span> <span class='ocrx_word' id='word_1_73' title='bbox 520 1116 652 1184; x_wconf 72' lang='lat' dir='ltr'><strong>Etenna.</strong></span> <span class='ocrx_word' id='word_1_74' title='bbox 1446 1117 1449 1122; x_wconf 69' lang='grc'><strong><em>’</em></strong></span> 
     </span>
    </p>

    <p class='ocr_par' dir='ltr' id='par_1_6' title="bbox 93 1236 1599 1441">
     <span class='ocr_line' id='line_1_9' title="bbox 93 1236 182 1301; baseline -0.034 0"><span class='ocrx_word' id='word_1_75' title='bbox 93 1236 182 1301; x_wconf 73' lang='lat' dir='ltr'><strong>Febr.</strong></span> 
     </span>
     <span class='ocr_line' id='line_1_10' title="bbox 151 1354 1599 1441; baseline 0.001 -17"><span class='ocrx_word' id='word_1_76' title='bbox 151 1358 183 1424; x_wconf 82' lang='lat'><strong>6·</strong></span> <span class='ocrx_word' id='word_1_77' title='bbox 214 1357 288 1424; x_wconf 89' lang='lat' dir='ltr'><strong>Mel.</strong></span> <span class='ocrx_word' id='word_1_78' title='bbox 303 1361 500 1441; x_wconf 83' lang='lat' dir='ltr'><strong>proficiscitur</strong></span> <span class='ocrx_word' id='word_1_79' title='bbox 513 1354 680 1438; x_wconf 86' lang='lat' dir='ltr'><strong>Dresdam,</strong></span> <span class='ocrx_word' id='word_1_80' title='bbox 707 1360 761 1420; x_wconf 88' lang='lat' dir='ltr'><strong>uhi</strong></span> <span class='ocrx_word' id='word_1_81' title='bbox 773 1360 892 1440; x_wconf 86' lang='lat' dir='ltr'><strong>scripsit</strong></span> <span class='ocrx_word' id='word_1_82' title='bbox 906 1357 1037 1418; x_wconf 82' lang='lat' dir='ltr'><strong>formam</strong></span> <span class='ocrx_word' id='word_1_83' title='bbox 1051 1360 1232 1423; x_wconf 73' lang='lat' dir='ltr'><strong>visitationis</strong></span> <span class='ocrx_word' id='word_1_84' title='bbox 1245 1364 1279 1422; x_wconf 90' lang='lat' dir='ltr'><strong>in</strong></span> <span class='ocrx_word' id='word_1_85' title='bbox 1295 1381 1384 1422; x_wconf 85' lang='lat' dir='ltr'><strong>usum</strong></span> <span class='ocrx_word' id='word_1_86' title='bbox 1399 1365 1599 1426; x_wconf 79' lang='lat' dir='ltr'><strong>visitatorum.</strong></span> 
     </span>
    </p>

    <p class='ocr_par' dir='ltr' id='par_1_7' title="bbox 212 1472 956 1557">
     <span class='ocr_line' id='line_1_11' title="bbox 212 1472 956 1557; baseline -0.005 -19"><span class='ocrx_word' id='word_1_87' title='bbox 212 1473 302 1538; x_wconf 91' lang='lat' dir='ltr'><strong>Initia</strong></span> <span class='ocrx_word' id='word_1_88' title='bbox 323 1474 527 1538; x_wconf 81' lang='lat' dir='ltr'><strong>Comitiorum</strong></span> <span class='ocrx_word' id='word_1_89' title='bbox 541 1473 700 1557; x_wconf 74' lang='lat' dir='ltr'><strong>Augustae</strong></span> <span class='ocrx_word' id='word_1_90' title='bbox 712 1472 956 1537; x_wconf 88' lang='lat' dir='ltr'><strong>Vindelicoram.</strong></span> 
     </span>
    </p>

    <p class='ocr_par' dir='ltr' id='par_1_8' title="bbox 122 1588 1580 1679">
     <span class='ocr_line' id='line_1_12' title="bbox 122 1588 1580 1679; baseline -0.003 -21"><span class='ocrx_word' id='word_1_91' title='bbox 122 1597 178 1658; x_wconf 89' lang='lat'><strong>10.</strong></span> <span class='ocrx_word' id='word_1_92' title='bbox 211 1591 325 1657; x_wconf 87' lang='lat' dir='ltr'><strong>Scribit</strong></span> <span class='ocrx_word' id='word_1_93' title='bbox 337 1591 472 1676; x_wconf 85' lang='lat' dir='ltr'><strong>Principi</strong></span> <span class='ocrx_word' id='word_1_94' title='bbox 485 1591 636 1673; x_wconf 88' lang='lat' dir='ltr'><strong>Electori,</strong></span> <span class='ocrx_word' id='word_1_95' title='bbox 663 1595 737 1679; x_wconf 91' lang='lat' dir='ltr'><strong>quid</strong></span> <span class='ocrx_word' id='word_1_96' title='bbox 750 1594 922 1656; x_wconf 76' lang='lat' dir='ltr'><strong>iaciendum</strong></span> <span class='ocrx_word' id='word_1_97' title='bbox 942 1596 982 1654; x_wconf 90' lang='lat' dir='ltr'><strong>sit</strong></span> <span class='ocrx_word' id='word_1_98' title='bbox 999 1597 1033 1654; x_wconf 89' lang='lat' dir='ltr'><strong>in</strong></span> <span class='ocrx_word' id='word_1_99' title='bbox 1046 1597 1250 1655; x_wconf 83' lang='lat' dir='ltr'><strong>controversia</strong></span> <span class='ocrx_word' id='word_1_100' title='bbox 1264 1595 1302 1653; x_wconf 89' lang='lat' dir='ltr'><strong>ab</strong></span> <span class='ocrx_word' id='word_1_101' title='bbox 1318 1588 1470 1655; x_wconf 87' lang='lat' dir='ltr'><strong>Osiaudro</strong></span> <span class='ocrx_word' id='word_1_102' title='bbox 1485 1605 1580 1654; x_wconf 84' lang='lat' dir='ltr'><strong>mota.</strong></span> 
     </span>
    </p>
   </div>
   <div class='ocr_carea' id='block_1_4' title="bbox 211 1708 2111 1883">
    <p class='ocr_par' dir='ltr' id='par_1_9' title="bbox 211 1708 2111 1883">
     <span class='ocr_line' id='line_1_13' title="bbox 211 1708 2111 1798; baseline 0.001 -23"><span class='ocrx_word' id='word_1_103' title='bbox 211 1712 342 1775; x_wconf 81' lang='lat' dir='ltr'><strong>Audirit</strong></span> <span class='ocrx_word' id='word_1_104' title='bbox 356 1708 489 1774; x_wconf 88' lang='lat' dir='ltr'><strong>Dresdae</strong></span> <span class='ocrx_word' id='word_1_105' title='bbox 504 1708 669 1793; x_wconf 77' lang='lat' dir='ltr'><strong>Davidem,</strong></span> <span class='ocrx_word' id='word_1_106' title='bbox 695 1709 868 1774; x_wconf 73' lang='lat' dir='ltr'><strong>Diaconum</strong></span> <span class='ocrx_word' id='word_1_107' title='bbox 881 1710 1142 1791; x_wconf 86' lang='lat' dir='ltr'><strong>Freihergensem,</strong></span> <span class='ocrx_word' id='word_1_108' title='bbox 1168 1731 1240 1772; x_wconf 86' lang='lat' dir='ltr'><strong>cum</strong></span> <span class='ocrx_word' id='word_1_109' title='bbox 1254 1708 1376 1772; x_wconf 75' lang='lat' dir='ltr'><strong>Pastore</strong></span> <span class='ocrx_word' id='word_1_110' title='bbox 1399 1731 1460 1798; x_wconf 33' lang='lat' dir='ltr'><strong>suo·</strong></span> <span class='ocrx_word' id='word_1_111' title='bbox 1472 1711 1673 1794; x_wconf 85' lang='lat' dir='ltr'><strong>disputantem</strong></span> <span class='ocrx_word' id='word_1_112' title='bbox 1686 1710 1723 1772; x_wconf 90' lang='lat' dir='ltr'><strong>de</strong></span> <span class='ocrx_word' id='word_1_113' title='bbox 1736 1711 1919 1794; x_wconf 83' lang='lat' dir='ltr'><strong>adiaphoris.</strong></span> <span class='ocrx_word' id='word_1_114' title='bbox 1971 1712 2045 1777; x_wconf 89' lang='lat' dir='ltr'><strong>Vid.</strong></span> <span class='ocrx_word' id='word_1_115' title='bbox 2063 1739 2111 1798; x_wconf 87' lang='lat' dir='ltr'><strong>ep.</strong></span> 
     </span>
     <span class='ocr_line' id='line_1_14' title="bbox 260 1812 672 1883; baseline 0.005 -8"><span class='ocrx_word' id='word_1_116' title='bbox 260 1815 299 1876; x_wconf 89' lang='lat' dir='ltr'><strong>ad</strong></span> <span class='ocrx_word' id='word_1_117' title='bbox 312 1812 444 1880; x_wconf 88' lang='lat' dir='ltr'><strong>Weller.</strong></span> <span class='ocrx_word' id='word_1_118' title='bbox 461 1812 491 1879; x_wconf 88' lang='lat' dir='ltr'><strong>d.</strong></span> <span class='ocrx_word' id='word_1_119' title='bbox 513 1821 569 1883; x_wconf 79' lang='lat'><strong>12.</strong></span> <span class='ocrx_word' id='word_1_120' title='bbox 583 1813 672 1880; x_wconf 85' lang='lat' dir='ltr'><strong>Febr.</strong></span> 
     </span>
    </p>
   </div>
   <div class='ocr_carea' id='block_1_5' title="bbox 120 1926 2113 2118">
    <p class='ocr_par' dir='ltr' id='par_1_10' title="bbox 120 1926 2113 2118">
     <span class='ocr_line' id='line_1_15' title="bbox 120 1926 2113 2011; baseline 0.002 -19"><span class='ocrx_word' id='word_1_121' title='bbox 120 1931 177 1992; x_wconf 79' lang='lat' dir='ltr'><strong>ts·</strong></span> <span class='ocrx_word' id='word_1_122' title='bbox 209 1931 340 1995; x_wconf 86' lang='lat' dir='ltr'><strong>Nomius</strong></span> <span class='ocrx_word' id='word_1_123' title='bbox 353 1929 512 1995; x_wconf 84' lang='lat' dir='ltr'><strong>Pastorum</strong></span> <span class='ocrx_word' id='word_1_124' title='bbox 526 1930 725 1997; x_wconf 87' lang='lat' dir='ltr'><strong>Misnensium</strong></span> <span class='ocrx_word' id='word_1_125' title='bbox 748 1934 850 1995; x_wconf 85' lang='lat' dir='ltr'><strong>scribit</strong></span> <span class='ocrx_word' id='word_1_126' title='bbox 868 1932 1029 2011; x_wconf 87' lang='lat' dir='ltr'><strong>epistolam</strong></span> <span class='ocrx_word' id='word_1_127' title='bbox 1044 1928 1084 1991; x_wconf 85' lang='lat' dir='ltr'><strong>ad</strong></span> <span class='ocrx_word' id='word_1_128' title='bbox 1103 1930 1303 1993; x_wconf 89' lang='lat' dir='ltr'><strong>consolandos</strong></span> <span class='ocrx_word' id='word_1_129' title='bbox 1318 1928 1453 1992; x_wconf 87' lang='lat' dir='ltr'><strong>Pastores</strong></span> <span class='ocrx_word' id='word_1_130' title='bbox 1465 1928 1631 1995; x_wconf 85' lang='lat' dir='ltr'><strong>Bohemiae</strong></span> <span class='ocrx_word' id='word_1_131' title='bbox 1654 1943 1684 1992; x_wconf 90' lang='lat' dir='ltr'><strong>et</strong></span> <span class='ocrx_word' id='word_1_132' title='bbox 1701 1926 1859 2010; x_wconf 84' lang='lat' dir='ltr'><strong>Lusatiae,</strong></span> <span class='ocrx_word' id='word_1_133' title='bbox 1887 1937 1925 1993; x_wconf 90' lang='lat' dir='ltr'><strong>ob</strong></span> <span class='ocrx_word' id='word_1_134' title='bbox 1941 1956 2040 1995; x_wconf 83' lang='lat' dir='ltr'><strong>veram</strong></span> <span class='ocrx_word' id='word_1_135' title='bbox 2054 1936 2113 1996; x_wconf 93' lang='lat' dir='ltr'><strong>do-</strong></span> 
     </span>
     <span class='ocr_line' id='line_1_16' title="bbox 262 2037 554 2118; baseline 0.007 -21"><span class='ocrx_word' id='word_1_136' title='bbox 262 2037 389 2097; x_wconf 89' lang='lat' dir='ltr'><strong>ctrinam</strong></span> <span class='ocrx_word' id='word_1_137' title='bbox 401 2040 554 2118; x_wconf 87' lang='lat' dir='ltr'><strong>expulsos.</strong></span> 
     </span>
    </p>
   </div>
   <div class='ocr_carea' id='block_1_6' title="bbox 81 2148 2109 3274">
    <p class='ocr_par' dir='ltr' id='par_1_11' title="bbox 81 2148 2109 3274">
     <span class='ocr_line' id='line_1_17' title="bbox 120 2148 565 2216; baseline 0.009 -4"><span class='ocrx_word' id='word_1_138' title='bbox 120 2148 176 2214; x_wconf 78' lang='lat'><strong>14·</strong></span> <span class='ocrx_word' id='word_1_139' title='bbox 209 2151 337 2216; x_wconf 69' lang='lat' dir='ltr'><strong>Minnica</strong></span> <span class='ocrx_word' id='word_1_140' title='bbox 349 2165 393 2214; x_wconf 77' lang='lat' dir='ltr'><strong>est</strong></span> <span class='ocrx_word' id='word_1_141' title='bbox 406 2155 439 2214; x_wconf 82' lang='lat' dir='ltr'><strong>in</strong></span> <span class='ocrx_word' id='word_1_142' title='bbox 454 2154 565 2216; x_wconf 76' lang='lat' dir='ltr'><strong>reditu.</strong></span> 
     </span>
     <span class='ocr_line' id='line_1_18' title="bbox 120 2268 597 2354; baseline 0.013 -24"><span class='ocrx_word' id='word_1_143' title='bbox 120 2268 177 2331; x_wconf 82' lang='lat'><strong>16·</strong></span> <span class='ocrx_word' id='word_1_144' title='bbox 206 2271 417 2354; x_wconf 82' lang='lat' dir='ltr'><strong>Witebergam</strong></span> <span class='ocrx_word' id='word_1_145' title='bbox 428 2275 597 2337; x_wconf 79' lang='lat' dir='ltr'><strong>revertitur.</strong></span> 
     </span>
     <span class='ocr_line' id='line_1_19' title="bbox 207 2377 1739 2474; baseline -0.007 -21"><span class='ocrx_word' id='word_1_146' title='bbox 207 2388 278 2453; x_wconf 87' lang='lat' dir='ltr'><strong>Hoc</strong></span> <span class='ocrx_word' id='word_1_147' title='bbox 290 2410 391 2451; x_wconf 87' lang='lat' dir='ltr'><strong>mansa</strong></span> <span class='ocrx_word' id='word_1_148' title='bbox 406 2393 529 2474; x_wconf 85' lang='lat' dir='ltr'><strong>nuptiae</strong></span> <span class='ocrx_word' id='word_1_149' title='bbox 545 2402 614 2451; x_wconf 87' lang='lat' dir='ltr'><strong>sunt</strong></span> <span class='ocrx_word' id='word_1_150' title='bbox 627 2381 751 2450; x_wconf 84' lang='lat' dir='ltr'><strong>Ioannis</strong></span> <span class='ocrx_word' id='word_1_151' title='bbox 764 2380 885 2447; x_wconf 75' lang='lat' dir='ltr'><strong>hiberti</strong></span> <span class='ocrx_word' id='word_1_152' title='bbox 900 2379 999 2446; x_wconf 87' lang='lat' dir='ltr'><strong>Ducis</strong></span> <span class='ocrx_word' id='word_1_153' title='bbox 1009 2377 1163 2464; x_wconf 82' lang='lat' dir='ltr'><strong>Megapol.</strong></span> <span class='ocrx_word' id='word_1_154' title='bbox 1179 2401 1252 2443; x_wconf 87' lang='lat' dir='ltr'><strong>cum</strong></span> <span class='ocrx_word' id='word_1_155' title='bbox 1273 2383 1334 2444; x_wconf 84' lang='lat' dir='ltr'><strong>fllia</strong></span> <span class='ocrx_word' id='word_1_156' title='bbox 1348 2377 1470 2446; x_wconf 74' lang='lat' dir='ltr'><strong>Alberti</strong></span> <span class='ocrx_word' id='word_1_157' title='bbox 1482 2380 1579 2447; x_wconf 82' lang='lat' dir='ltr'><strong>Ducis</strong></span> <span class='ocrx_word' id='word_1_158' title='bbox 1593 2382 1739 2446; x_wconf 86' lang='lat' dir='ltr'><strong>l&#39;russiae.</strong></span> 
     </span>
     <span class='ocr_line' id='line_1_20' title="bbox 81 2493 177 2561; baseline -0.021 0"><span class='ocrx_word' id='word_1_159' title='bbox 81 2493 177 2561; x_wconf 77' lang='lat' dir='ltr'><strong>Mart.</strong></span> 
     </span>
     <span class='ocr_line' id='line_1_21' title="bbox 145 2614 849 2683; baseline -0.003 -4"><span class='ocrx_word' id='word_1_160' title='bbox 145 2614 182 2679; x_wconf 84' lang='lat'><strong>6·</strong></span> <span class='ocrx_word' id='word_1_161' title='bbox 214 2618 313 2683; x_wconf 87' lang='lat' dir='ltr'><strong>Mittit</strong></span> <span class='ocrx_word' id='word_1_162' title='bbox 324 2622 426 2682; x_wconf 88' lang='lat' dir='ltr'><strong>amicis</strong></span> <span class='ocrx_word' id='word_1_163' title='bbox 442 2641 579 2682; x_wconf 79' lang='lat' dir='ltr'><strong>carmen:</strong></span> <span class='ocrx_word' id='word_1_164' title='bbox 605 2615 692 2678; x_wconf 78' lang='lat' dir='ltr'><strong>Nihil</strong></span> <span class='ocrx_word' id='word_1_165' title='bbox 711 2636 777 2675; x_wconf 82' lang='lat' dir='ltr'><strong>sum</strong></span> <span class='ocrx_word' id='word_1_166' title='bbox 792 2629 849 2682; x_wconf 87' lang='lat' dir='ltr'><strong>etc.</strong></span> 
     </span>
     <span class='ocr_line' id='line_1_22' title="bbox 143 2731 2109 2820; baseline 0 -25"><span class='ocrx_word' id='word_1_167' title='bbox 143 2733 176 2795; x_wconf 83' lang='lat'><strong>6.</strong></span> <span class='ocrx_word' id='word_1_168' title='bbox 210 2736 385 2802; x_wconf 77' lang='lat' dir='ltr'><strong>Conventus</strong></span> <span class='ocrx_word' id='word_1_169' title='bbox 398 2736 575 2820; x_wconf 75' lang='lat' dir='ltr'><strong>Principum</strong></span> <span class='ocrx_word' id='word_1_170' title='bbox 588 2733 828 2812; x_wconf 83' lang='lat' dir='ltr'><strong>Saxoniaorum,</strong></span> <span class='ocrx_word' id='word_1_171' title='bbox 850 2731 1062 2796; x_wconf 78' lang='lat' dir='ltr'><strong>Mmchionnm</strong></span> <span class='ocrx_word' id='word_1_172' title='bbox 1078 2745 1109 2796; x_wconf 82' lang='lat' dir='ltr'><strong>at</strong></span> <span class='ocrx_word' id='word_1_173' title='bbox 1128 2732 1341 2798; x_wconf 86' lang='lat' dir='ltr'><strong>Hasaiaoorum</strong></span> <span class='ocrx_word' id='word_1_174' title='bbox 1357 2733 1564 2819; x_wconf 79' lang='lat' dir='ltr'><strong>Naumburgi‚</strong></span> <span class='ocrx_word' id='word_1_175' title='bbox 1591 2739 1643 2799; x_wconf 87' lang='lat' dir='ltr'><strong>ubi</strong></span> <span class='ocrx_word' id='word_1_176' title='bbox 1665 2736 1845 2815; x_wconf 87' lang='lat' dir='ltr'><strong>decernunt,</strong></span> <span class='ocrx_word' id='word_1_177' title='bbox 1872 2758 1903 2798; x_wconf 88' lang='lat' dir='ltr'><strong>se</strong></span> <span class='ocrx_word' id='word_1_178' title='bbox 1918 2755 1981 2797; x_wconf 85' lang='lat' dir='ltr'><strong>uon</strong></span> <span class='ocrx_word' id='word_1_179' title='bbox 1999 2734 2109 2798; x_wconf 89' lang='lat' dir='ltr'><strong>disces-</strong></span> 
     </span>
     <span class='ocr_line' id='line_1_23' title="bbox 261 2834 1179 2917; baseline -0.002 -16"><span class='ocrx_word' id='word_1_180' title='bbox 261 2860 348 2901; x_wconf 86' lang='lat' dir='ltr'><strong>suros</strong></span> <span class='ocrx_word' id='word_1_181' title='bbox 362 2861 424 2900; x_wconf 88' lang='lat' dir='ltr'><strong>asse</strong></span> <span class='ocrx_word' id='word_1_182' title='bbox 441 2861 459 2900; x_wconf 91' lang='lat' dir='ltr'><strong>a</strong></span> <span class='ocrx_word' id='word_1_183' title='bbox 472 2840 605 2901; x_wconf 87' lang='lat' dir='ltr'><strong>doctrina</strong></span> <span class='ocrx_word' id='word_1_184' title='bbox 620 2841 653 2898; x_wconf 90' lang='lat' dir='ltr'><strong>in</strong></span> <span class='ocrx_word' id='word_1_185' title='bbox 667 2836 854 2898; x_wconf 78' lang='lat' dir='ltr'><strong>confessione</strong></span> <span class='ocrx_word' id='word_1_186' title='bbox 869 2834 1049 2917; x_wconf 77' lang='lat' dir='ltr'><strong>Argustana</strong></span> <span class='ocrx_word' id='word_1_187' title='bbox 1060 2835 1179 2899; x_wconf 89' lang='lat' dir='ltr'><strong>tradita.</strong></span> 
     </span>
     <span class='ocr_line' id='line_1_24' title="bbox 119 2950 974 3037; baseline 0.001 -24"><span class='ocrx_word' id='word_1_188' title='bbox 119 2950 175 3013; x_wconf 85' lang='lat'><strong>19·</strong></span> <span class='ocrx_word' id='word_1_189' title='bbox 206 2955 283 3019; x_wconf 85' lang='lat' dir='ltr'><strong>Mel.</strong></span> <span class='ocrx_word' id='word_1_190' title='bbox 299 2960 392 3018; x_wconf 87' lang='lat' dir='ltr'><strong>mittit</strong></span> <span class='ocrx_word' id='word_1_191' title='bbox 404 2959 544 3017; x_wconf 84' lang='lat' dir='ltr'><strong>libellum</strong></span> <span class='ocrx_word' id='word_1_192' title='bbox 560 2953 702 3037; x_wconf 81' lang='lat' dir='ltr'><strong>Ghytraci</strong></span> <span class='ocrx_word' id='word_1_193' title='bbox 719 2953 757 3014; x_wconf 88' lang='lat' dir='ltr'><strong>de</strong></span> <span class='ocrx_word' id='word_1_194' title='bbox 770 2956 974 3021; x_wconf 84' lang='lat' dir='ltr'><strong>matrim0nio.</strong></span> 
     </span>
     <span class='ocr_line' id='line_1_25' title="bbox 116 3067 618 3156; baseline -0.004 -22"><span class='ocrx_word' id='word_1_195' title='bbox 116 3070 177 3134; x_wconf 78' lang='lat'><strong>20·</strong></span> <span class='ocrx_word' id='word_1_196' title='bbox 207 3072 304 3136; x_wconf 87' lang='lat' dir='ltr'><strong>Mittit</strong></span> <span class='ocrx_word' id='word_1_197' title='bbox 322 3077 451 3156; x_wconf 82' lang='lat' dir='ltr'><strong>pagellas</strong></span> <span class='ocrx_word' id='word_1_198' title='bbox 475 3073 513 3133; x_wconf 90' lang='lat' dir='ltr'><strong>de</strong></span> <span class='ocrx_word' id='word_1_199' title='bbox 528 3067 618 3156; x_wconf 79' lang='grc' dir='ltr'><strong>λόγῳ.</strong></span> 
     </span>
     <span class='ocr_line' id='line_1_26' title="bbox 115 3186 796 3274; baseline 0 -26"><span class='ocrx_word' id='word_1_200' title='bbox 115 3187 173 3249; x_wconf 74' lang='lat'><strong>28·</strong></span> <span class='ocrx_word' id='word_1_201' title='bbox 206 3190 353 3274; x_wconf 84' lang='lat' dir='ltr'><strong>Expectat</strong></span> <span class='ocrx_word' id='word_1_202' title='bbox 368 3187 491 3271; x_wconf 87' lang='lat' dir='ltr'><strong>Georgii</strong></span> <span class='ocrx_word' id='word_1_203' title='bbox 504 3186 609 3252; x_wconf 87' lang='lat' dir='ltr'><strong>Sabini</strong></span> <span class='ocrx_word' id='word_1_204' title='bbox 623 3187 796 3250; x_wconf 82' lang='lat' dir='ltr'><strong>adrentum.</strong></span> 
     </span>
    </p>
   </div>
   <div class='ocr_carea' id='block_1_7' title="bbox 98 3280 2110 3951">
    <p class='ocr_par' dir='ltr' id='par_1_12' title="bbox 98 3280 2110 3951">
     <span class='ocr_line' id='line_1_27' title="bbox 207 3280 2110 3388; baseline -0.003 -17"><span class='ocrx_word' id='word_1_205' title='bbox 207 3307 347 3371; x_wconf 85' lang='lat' dir='ltr'><strong>Exeunte</strong></span> <span class='ocrx_word' id='word_1_206' title='bbox 360 3307 471 3371; x_wconf 88' lang='lat' dir='ltr'><strong>Martio</strong></span> <span class='ocrx_word' id='word_1_207' title='bbox 490 3319 521 3368; x_wconf 88' lang='lat' dir='ltr'><strong>et</strong></span> <span class='ocrx_word' id='word_1_208' title='bbox 534 3328 636 3368; x_wconf 87' lang='lat' dir='ltr'><strong>mense</strong></span> <span class='ocrx_word' id='word_1_209' title='bbox 649 3301 754 3388; x_wconf 78' lang='lat' dir='ltr'><strong>Aprili</strong></span> <span class='ocrx_word' id='word_1_210' title='bbox 769 3301 948 3367; x_wconf 83' lang='lat' dir='ltr'><strong>Melanthea</strong></span> <span class='ocrx_word' id='word_1_211' title='bbox 965 3315 1127 3384; x_wconf 85' lang='lat' dir='ltr'><strong>occupatus</strong></span> <span class='ocrx_word' id='word_1_212' title='bbox 1148 3315 1193 3366; x_wconf 90' lang='lat' dir='ltr'><strong>est</strong></span> <span class='ocrx_word' id='word_1_213' title='bbox 1214 3307 1384 3375; x_wconf 74' lang='lat' dir='ltr'><strong>ridtatione</strong></span> <span class='ocrx_word' id='word_1_214' title='bbox 1398 3301 1600 3370; x_wconf 73' lang='lat' dir='ltr'><strong>Ecclesiam</strong></span> <span class='ocrx_word' id='word_1_215' title='bbox 1615 3311 1794 3373; x_wconf 77' lang='lat' dir='ltr'><strong>vicinantia.</strong></span> <span class='ocrx_word' id='word_1_216' title='bbox 1854 3303 1904 3372; x_wconf 82' lang='lat' dir='ltr'><strong>cf.</strong></span> <span class='ocrx_word' id='word_1_217' title='bbox 1919 3280 1969 3388; x_wconf 81' lang='lat' dir='ltr'><strong>ap.</strong></span> <span class='ocrx_word' id='word_1_218' title='bbox 1984 3307 2015 3369; x_wconf 85' lang='lat' dir='ltr'><strong>d.</strong></span> <span class='ocrx_word' id='word_1_219' title='bbox 2033 3310 2064 3373; x_wconf 85' lang='lat'><strong>9.</strong></span> <span class='ocrx_word' id='word_1_220' title='bbox 2081 3319 2110 3366; x_wconf 84' lang='lat' dir='ltr'><strong>et</strong></span> 
     </span>
     <span class='ocr_line' id='line_1_28' title="bbox 311 3409 416 3476; baseline 0.019 -2"><span class='ocrx_word' id='word_1_221' title='bbox 311 3454 321 3474; x_wconf 97' lang='lat'><strong>.</strong></span> <span class='ocrx_word' id='word_1_222' title='bbox 337 3409 368 3472; x_wconf 81' lang='grc' dir='ltr'><strong>Α</strong></span> <span class='ocrx_word' id='word_1_223' title='bbox 391 3434 416 3476; x_wconf 91' lang='lat' dir='ltr'><strong>r.</strong></span> 
     </span>
     <span class='ocr_line' id='line_1_29' title="bbox 98 3418 390 3599; baseline -0.01 -119"><span class='ocrx_word' id='word_1_224' title='bbox 98 3521 180 3599; x_wconf 48' lang='lat' dir='ltr'><strong>Am·</strong></span> <span class='ocrx_word' id='word_1_225' title='bbox 263 3418 309 3479; x_wconf 89' lang='lat'><strong>10</strong></span> <span class='ocrx_word' id='word_1_226' title='bbox 369 3433 390 3492; x_wconf 87' lang='lat' dir='ltr'><strong>p</strong></span> 
     </span>
     <span class='ocr_line' id='line_1_30' title="bbox 143 3620 1089 3705; baseline -0.01 -11"><span class='ocrx_word' id='word_1_227' title='bbox 143 3636 176 3702; x_wconf 83' lang='lat'><strong>6.</strong></span> <span class='ocrx_word' id='word_1_228' title='bbox 208 3630 362 3693; x_wconf 81' lang='lat' dir='ltr'><strong>Praefatur</strong></span> <span class='ocrx_word' id='word_1_229' title='bbox 377 3634 410 3690; x_wconf 89' lang='lat' dir='ltr'><strong>in</strong></span> <span class='ocrx_word' id='word_1_230' title='bbox 423 3628 548 3691; x_wconf 87' lang='lat' dir='ltr'><strong>Hieron.</strong></span> <span class='ocrx_word' id='word_1_231' title='bbox 560 3622 630 3689; x_wconf 87' lang='lat' dir='ltr'><strong>Osii</strong></span> <span class='ocrx_word' id='word_1_232' title='bbox 642 3625 736 3685; x_wconf 87' lang='lat' dir='ltr'><strong>libros</strong></span> <span class='ocrx_word' id='word_1_233' title='bbox 751 3620 788 3682; x_wconf 90' lang='lat' dir='ltr'><strong>da</strong></span> <span class='ocrx_word' id='word_1_234' title='bbox 804 3622 924 3705; x_wconf 79' lang='lat' dir='ltr'><strong>vitanda</strong></span> <span class='ocrx_word' id='word_1_235' title='bbox 939 3626 1089 3685; x_wconf 82' lang='lat' dir='ltr'><strong>ebrietate.</strong></span> 
     </span>
     <span class='ocr_line' id='line_1_31' title="bbox 144 3736 1309 3827; baseline -0.008 -15"><span class='ocrx_word' id='word_1_236' title='bbox 144 3755 176 3818; x_wconf 89' lang='grc'><strong>9.</strong></span> <span class='ocrx_word' id='word_1_237' title='bbox 208 3746 367 3810; x_wconf 81' lang='lat' dir='ltr'><strong>Marcellus</strong></span> <span class='ocrx_word' id='word_1_238' title='bbox 381 3743 426 3812; x_wconf 90' lang='lat' dir='ltr'><strong>Il.</strong></span> <span class='ocrx_word' id='word_1_239' title='bbox 440 3744 524 3827; x_wconf 86' lang='lat' dir='ltr'><strong>Papa</strong></span> <span class='ocrx_word' id='word_1_240' title='bbox 539 3744 677 3824; x_wconf 74' lang='lat' dir='ltr'><strong>eligitur,</strong></span> <span class='ocrx_word' id='word_1_241' title='bbox 704 3743 757 3823; x_wconf 88' lang='lat' dir='ltr'><strong>qui</strong></span> <span class='ocrx_word' id='word_1_242' title='bbox 776 3760 847 3801; x_wconf 80' lang='lat' dir='ltr'><strong>vero</strong></span> <span class='ocrx_word' id='word_1_243' title='bbox 864 3762 940 3802; x_wconf 86' lang='lat' dir='ltr'><strong>mox</strong></span> <span class='ocrx_word' id='word_1_244' title='bbox 955 3742 984 3803; x_wconf 87' lang='lat' dir='ltr'><strong>d.</strong></span> <span class='ocrx_word' id='word_1_245' title='bbox 1000 3747 1060 3811; x_wconf 83' lang='grc'><strong>30.</strong></span> <span class='ocrx_word' id='word_1_246' title='bbox 1073 3736 1153 3824; x_wconf 77' lang='lat' dir='ltr'><strong>Apr.</strong></span> <span class='ocrx_word' id='word_1_247' title='bbox 1170 3746 1309 3821; x_wconf 62' lang='lat' dir='ltr'><strong>moritur.</strong></span> 
     </span>
     <span class='ocr_line' id='line_1_32' title="bbox 206 3856 1443 3951; baseline -0.007 -21"><span class='ocrx_word' id='word_1_248' title='bbox 206 3866 275 3930; x_wconf 82' lang='lat' dir='ltr'><strong>Hoc</strong></span> <span class='ocrx_word' id='word_1_249' title='bbox 289 3888 393 3929; x_wconf 87' lang='lat' dir='ltr'><strong>mense</strong></span> <span class='ocrx_word' id='word_1_250' title='bbox 406 3860 585 3927; x_wconf 86' lang='lat' dir='ltr'><strong>Malauthou</strong></span> <span class='ocrx_word' id='word_1_251' title='bbox 600 3872 630 3922; x_wconf 87' lang='lat' dir='ltr'><strong>et</strong></span> <span class='ocrx_word' id='word_1_252' title='bbox 646 3856 854 3951; x_wconf 78' lang='lat' dir='ltr'><strong>Bugeuhsgen</strong></span> <span class='ocrx_word' id='word_1_253' title='bbox 869 3858 1004 3921; x_wconf 86' lang='lat' dir='ltr'><strong>iudicant</strong></span> <span class='ocrx_word' id='word_1_254' title='bbox 1019 3859 1057 3921; x_wconf 89' lang='lat' dir='ltr'><strong>de</strong></span> <span class='ocrx_word' id='word_1_255' title='bbox 1072 3872 1219 3924; x_wconf 76' lang='lat' dir='ltr'><strong>reservato</strong></span> <span class='ocrx_word' id='word_1_256' title='bbox 1235 3861 1443 3923; x_wconf 88' lang='lat' dir='ltr'><strong>ecclesiastico.</strong></span> 
     </span>
    </p>
   </div>
   <div class='ocr_carea' id='block_1_8' title="bbox 100 3980 1133 4526">
    <p class='ocr_par' dir='ltr' id='par_1_13' title="bbox 100 3980 1133 4526">
     <span class='ocr_line' id='line_1_33' title="bbox 100 3980 178 4045; baseline -0.038 0"><span class='ocrx_word' id='word_1_257' title='bbox 100 3980 178 4045; x_wconf 90' lang='lat' dir='ltr'><strong>Maii</strong></span> 
     </span>
     <span class='ocr_line' id='line_1_34' title="bbox 125 4096 489 4182; baseline -0.019 -18"><span class='ocrx_word' id='word_1_258' title='bbox 125 4107 182 4167; x_wconf 92' lang='lat'><strong>10.</strong></span> <span class='ocrx_word' id='word_1_259' title='bbox 212 4096 283 4159; x_wconf 81' lang='lat' dir='ltr'><strong>Mel.</strong></span> <span class='ocrx_word' id='word_1_260' title='bbox 302 4113 344 4161; x_wconf 89' lang='lat' dir='ltr'><strong>est</strong></span> <span class='ocrx_word' id='word_1_261' title='bbox 356 4096 489 4182; x_wconf 88' lang='lat' dir='ltr'><strong>Lipsiae.</strong></span> 
     </span>
     <span class='ocr_line' id='line_1_35' title="bbox 120 4207 1014 4300; baseline -0.008 -22"><span class='ocrx_word' id='word_1_262' title='bbox 120 4219 178 4287; x_wconf 79' lang='lat'><strong>14.</strong></span> <span class='ocrx_word' id='word_1_263' title='bbox 215 4211 264 4277; x_wconf 85' lang='lat' dir='ltr'><strong>Da</strong></span> <span class='ocrx_word' id='word_1_264' title='bbox 278 4208 456 4300; x_wconf 54' lang='grc' dir='ltr'><strong>εὐτραπελίᾳ</strong></span> <span class='ocrx_word' id='word_1_265' title='bbox 467 4211 619 4297; x_wconf 67' lang='lat' dir='ltr'><strong>putatur</strong></span> <span class='ocrx_word' id='word_1_266' title='bbox 630 4214 665 4273; x_wconf 87' lang='lat' dir='ltr'><strong>in</strong></span> <span class='ocrx_word' id='word_1_267' title='bbox 679 4207 764 4272; x_wconf 86' lang='lat' dir='ltr'><strong>Dalii</strong></span> <span class='ocrx_word' id='word_1_268' title='bbox 776 4221 871 4271; x_wconf 88' lang='lat' dir='ltr'><strong>artam</strong></span> <span class='ocrx_word' id='word_1_269' title='bbox 884 4208 1014 4271; x_wconf 82' lang='lat' dir='ltr'><strong>iocandi.</strong></span> 
     </span>
     <span class='ocr_line' id='line_1_36' title="bbox 119 4325 1133 4408; baseline -0.008 -14"><span class='ocrx_word' id='word_1_270' title='bbox 119 4340 177 4402; x_wconf 88' lang='grc'><strong>18.</strong></span> <span class='ocrx_word' id='word_1_271' title='bbox 212 4328 332 4392; x_wconf 79' lang='lat' dir='ltr'><strong>indicat</strong></span> <span class='ocrx_word' id='word_1_272' title='bbox 346 4330 383 4389; x_wconf 87' lang='lat' dir='ltr'><strong>de</strong></span> <span class='ocrx_word' id='word_1_273' title='bbox 397 4325 443 4391; x_wconf 92' lang='lat' dir='ltr'><strong>lo.</strong></span> <span class='ocrx_word' id='word_1_274' title='bbox 458 4330 595 4392; x_wconf 67' lang='lat' dir='ltr'><strong>sterant</strong></span> <span class='ocrx_word' id='word_1_275' title='bbox 607 4329 733 4390; x_wconf 86' lang='lat' dir='ltr'><strong>historia</strong></span> <span class='ocrx_word' id='word_1_276' title='bbox 748 4328 785 4388; x_wconf 91' lang='lat' dir='ltr'><strong>de</strong></span> <span class='ocrx_word' id='word_1_277' title='bbox 800 4330 976 4408; x_wconf 81' lang='lat' dir='ltr'><strong>germanicis</strong></span> <span class='ocrx_word' id='word_1_278' title='bbox 990 4328 1133 4388; x_wconf 86' lang='lat' dir='ltr'><strong>motibus.</strong></span> 
     </span>
     <span class='ocr_line' id='line_1_37' title="bbox 209 4443 978 4526; baseline -0.007 -17"><span class='ocrx_word' id='word_1_279' title='bbox 209 4446 308 4509; x_wconf 84' lang='lat' dir='ltr'><strong>Mittit</strong></span> <span class='ocrx_word' id='word_1_280' title='bbox 321 4449 542 4508; x_wconf 78' lang='lat' dir='ltr'><strong>enarrationem</strong></span> <span class='ocrx_word' id='word_1_281' title='bbox 559 4446 786 4526; x_wconf 80' lang='lat' dir='ltr'><strong>proverbiorum</strong></span> <span class='ocrx_word' id='word_1_282' title='bbox 798 4443 978 4511; x_wconf 73' lang='lat' dir='ltr'><strong>Salomacus.</strong></span> 
     </span>
    </p>
   </div>
   <div class='ocr_carea' id='block_1_9' title="bbox 119 4558 1906 4646">
    <p class='ocr_par' dir='ltr' id='par_1_14' title="bbox 119 4558 1906 4646">
     <span class='ocr_line' id='line_1_38' title="bbox 119 4558 1906 4646; baseline -0.002 -19"><span class='ocrx_word' id='word_1_283' title='bbox 119 4573 176 4634; x_wconf 73' lang='lat'><strong>28.</strong></span> <span class='ocrx_word' id='word_1_284' title='bbox 208 4564 337 4627; x_wconf 88' lang='lat' dir='ltr'><strong>Ioannes</strong></span> <span class='ocrx_word' id='word_1_285' title='bbox 350 4562 475 4642; x_wconf 84' lang='lat' dir='ltr'><strong>Petrus,</strong></span> <span class='ocrx_word' id='word_1_286' title='bbox 499 4561 716 4646; x_wconf 81' lang='lat' dir='ltr'><strong>Neapolitanus</strong></span> <span class='ocrx_word' id='word_1_287' title='bbox 729 4585 769 4624; x_wconf 79' lang='lat' dir='ltr'><strong>ex</strong></span> <span class='ocrx_word' id='word_1_288' title='bbox 783 4559 926 4626; x_wconf 82' lang='lat' dir='ltr'><strong>Caraffica</strong></span> <span class='ocrx_word' id='word_1_289' title='bbox 939 4562 1057 4621; x_wconf 77' lang='lat' dir='ltr'><strong>familia</strong></span> <span class='ocrx_word' id='word_1_290' title='bbox 1071 4558 1153 4642; x_wconf 86' lang='lat' dir='ltr'><strong>Papa</strong></span> <span class='ocrx_word' id='word_1_291' title='bbox 1167 4562 1301 4640; x_wconf 79' lang='lat' dir='ltr'><strong>eiigitur,</strong></span> <span class='ocrx_word' id='word_1_292' title='bbox 1327 4565 1379 4642; x_wconf 88' lang='lat' dir='ltr'><strong>qui</strong></span> <span class='ocrx_word' id='word_1_293' title='bbox 1398 4583 1429 4621; x_wconf 86' lang='lat' dir='ltr'><strong>se</strong></span> <span class='ocrx_word' id='word_1_294' title='bbox 1447 4565 1577 4643; x_wconf 80' lang='lat' dir='ltr'><strong>appellat</strong></span> <span class='ocrx_word' id='word_1_295' title='bbox 1596 4558 1724 4625; x_wconf 82' lang='lat' dir='ltr'><strong>Paulum</strong></span> <span class='ocrx_word' id='word_1_296' title='bbox 1738 4559 1797 4625; x_wconf 93' lang='lat' dir='ltr'><strong>lV.</strong></span> <span class='ocrx_word' id='word_1_297' title='bbox 1900 4582 1906 4590; x_wconf 93' lang='lat'><em>·</em></span> 
     </span>
    </p>
   </div>
   <div class='ocr_carea' id='block_1_10' title="bbox 104 4678 2109 4997">
    <p class='ocr_par' dir='ltr' id='par_1_15' title="bbox 104 4678 2109 4997">
     <span class='ocr_line' id='line_1_39' title="bbox 104 4678 174 4750; baseline 0.086 -6"><span class='ocrx_word' id='word_1_298' title='bbox 104 4678 174 4750; x_wconf 85' lang='lat' dir='ltr'><strong>lun.</strong></span> 
     </span>
     <span class='ocr_line' id='line_1_40' title="bbox 142 4792 1384 4880; baseline 0.001 -23"><span class='ocrx_word' id='word_1_299' title='bbox 142 4812 177 4869; x_wconf 86' lang='lat'><strong>1.</strong></span> <span class='ocrx_word' id='word_1_300' title='bbox 208 4793 378 4857; x_wconf 84' lang='lat' dir='ltr'><strong>Haherturn</strong></span> <span class='ocrx_word' id='word_1_301' title='bbox 392 4795 600 4876; x_wconf 63' lang='lat' dir='ltr'><strong>hamum,</strong></span> <span class='ocrx_word' id='word_1_302' title='bbox 624 4798 659 4859; x_wconf 81' lang='lat' dir='ltr'><strong>in&#39;</strong></span> <span class='ocrx_word' id='word_1_303' title='bbox 670 4793 789 4860; x_wconf 83' lang='lat' dir='ltr'><strong>Italiam</strong></span> <span class='ocrx_word' id='word_1_304' title='bbox 805 4798 1030 4880; x_wconf 71' lang='lat' dir='ltr'><strong>protecturum,</strong></span> <span class='ocrx_word' id='word_1_305' title='bbox 1052 4792 1384 4879; x_wconf 78' lang='lat' dir='ltr'><strong>commendatBeilaio.</strong></span> 
     </span>
     <span class='ocr_line' id='line_1_41' title="bbox 143 4909 2109 4997; baseline -0.002 -24"><span class='ocrx_word' id='word_1_306' title='bbox 143 4928 175 4989; x_wconf 77' lang='lat'><strong>3.</strong></span> <span class='ocrx_word' id='word_1_307' title='bbox 208 4909 369 4975; x_wconf 88' lang='lat' dir='ltr'><strong>Studiosus</strong></span> <span class='ocrx_word' id='word_1_308' title='bbox 383 4936 421 4976; x_wconf 87' lang='lat' dir='ltr'><strong>ex</strong></span> <span class='ocrx_word' id='word_1_309' title='bbox 435 4912 564 4978; x_wconf 87' lang='lat' dir='ltr'><strong>Polonia</strong></span> <span class='ocrx_word' id='word_1_310' title='bbox 577 4928 671 4977; x_wconf 87' lang='lat' dir='ltr'><strong>noctu</strong></span> <span class='ocrx_word' id='word_1_311' title='bbox 687 4917 787 4996; x_wconf 82' lang='lat' dir='ltr'><strong>gladio</strong></span> <span class='ocrx_word' id='word_1_312' title='bbox 800 4920 949 4997; x_wconf 87' lang='lat' dir='ltr'><strong>impetum</strong></span> <span class='ocrx_word' id='word_1_313' title='bbox 969 4914 1042 4975; x_wconf 80' lang='lat' dir='ltr'><strong>facit</strong></span> <span class='ocrx_word' id='word_1_314' title='bbox 1059 4917 1092 4974; x_wconf 87' lang='lat' dir='ltr'><strong>in</strong></span> <span class='ocrx_word' id='word_1_315' title='bbox 1105 4911 1344 4977; x_wconf 85' lang='lat' dir='ltr'><strong>Melanthonem.</strong></span> <span class='ocrx_word' id='word_1_316' title='bbox 1396 4909 1467 4994; x_wconf 80' lang='lat' dir='ltr'><strong>Qua</strong></span> <span class='ocrx_word' id='word_1_317' title='bbox 1483 4916 1521 4977; x_wconf 90' lang='lat' dir='ltr'><strong>de</strong></span> <span class='ocrx_word' id='word_1_318' title='bbox 1543 4938 1574 4975; x_wconf 90' lang='lat' dir='ltr'><strong>re</strong></span> <span class='ocrx_word' id='word_1_319' title='bbox 1590 4910 1718 4977; x_wconf 86' lang='lat' dir='ltr'><strong>Ioannes</strong></span> <span class='ocrx_word' id='word_1_320' title='bbox 1730 4911 1875 4993; x_wconf 73' lang='lat' dir='ltr'><strong>Stigeiias</strong></span> <span class='ocrx_word' id='word_1_321' title='bbox 1898 4912 1972 4973; x_wconf 84' lang='lat' dir='ltr'><strong>haec</strong></span> <span class='ocrx_word' id='word_1_322' title='bbox 1991 4913 2109 4983; x_wconf 68' lang='lat' dir='ltr'><strong>occurit,</strong></span> 
     </span>
    </p>
   </div>
   <div class='ocr_carea' id='block_1_11' title="bbox 258 5010 1469 5101">
    <p class='ocr_par' dir='ltr' id='par_1_16' title="bbox 258 5010 1469 5101">
     <span class='ocr_line' id='line_1_42' title="bbox 258 5010 1469 5101; baseline 0.002 -26"><span class='ocrx_word' id='word_1_323' title='bbox 258 5036 334 5099; x_wconf 89' lang='lat' dir='ltr'><strong>quae</strong></span> <span class='ocrx_word' id='word_1_324' title='bbox 347 5021 488 5098; x_wconf 86' lang='lat' dir='ltr'><strong>leguntur</strong></span> <span class='ocrx_word' id='word_1_325' title='bbox 503 5024 536 5080; x_wconf 93' lang='lat' dir='ltr'><strong>in</strong></span> <span class='ocrx_word' id='word_1_326' title='bbox 551 5015 679 5101; x_wconf 84' lang='lat' dir='ltr'><strong>Scriptis</strong></span> <span class='ocrx_word' id='word_1_327' title='bbox 694 5021 808 5099; x_wconf 89' lang='lat' dir='ltr'><strong>public.</strong></span> <span class='ocrx_word' id='word_1_328' title='bbox 825 5017 920 5080; x_wconf 81' lang='lat' dir='ltr'><strong>Acad.</strong></span> <span class='ocrx_word' id='word_1_329' title='bbox 935 5014 1109 5096; x_wconf 82' lang='lat' dir='ltr'><strong>Witebarg.</strong></span> <span class='ocrx_word' id='word_1_330' title='bbox 1122 5013 1215 5085; x_wconf 83' lang='lat' dir='ltr'><strong>Tom.</strong></span> <span class='ocrx_word' id='word_1_331' title='bbox 1230 5010 1274 5079; x_wconf 87' lang='grc' dir='ltr'><strong>Π.</strong></span> <span class='ocrx_word' id='word_1_332' title='bbox 1291 5018 1339 5077; x_wconf 88' lang='lat' dir='ltr'><strong>lit.</strong></span> <span class='ocrx_word' id='word_1_333' title='bbox 1357 5011 1399 5095; x_wconf 81' lang='lat' dir='ltr'>Q</span> <span class='ocrx_word' id='word_1_334' title='bbox 1418 5021 1469 5083; x_wconf 57' lang='grc' dir='ltr'><strong>δα</strong></span> 
     </span>
    </p>
   </div>
   <div class='ocr_carea' id='block_1_12' title="bbox 649 5121 1358 5272">
    <p class='ocr_par' dir='ltr' id='par_1_17' title="bbox 649 5121 1358 5272">
     <span class='ocr_line' id='line_1_43' title="bbox 649 5121 1358 5195; baseline -0.006 -16"><span class='ocrx_word' id='word_1_335' title='bbox 649 5129 788 5195; x_wconf 75' lang='lat' dir='ltr'><strong>„Aspara</strong></span> <span class='ocrx_word' id='word_1_336' title='bbox 798 5131 936 5185; x_wconf 60' lang='lat' dir='ltr'><strong>&lt;contnuo</strong></span> <span class='ocrx_word' id='word_1_337' title='bbox 954 5125 1018 5177; x_wconf 81' lang='lat' dir='ltr'><strong>auu</strong></span> <span class='ocrx_word' id='word_1_338' title='bbox 1035 5123 1129 5177; x_wconf 80' lang='lat' dir='ltr'><strong>terret</strong></span> <span class='ocrx_word' id='word_1_339' title='bbox 1144 5121 1207 5175; x_wconf 83' lang='lat' dir='ltr'><strong>rixa</strong></span> <span class='ocrx_word' id='word_1_340' title='bbox 1223 5124 1358 5191; x_wconf 71' lang='lat' dir='ltr'><strong>tunultu,</strong></span> 
     </span>
     <span class='ocr_line' id='line_1_44' title="bbox 728 5206 1354 5272; baseline -0.003 -12"><span class='ocrx_word' id='word_1_341' title='bbox 728 5207 870 5272; x_wconf 74' lang='lat' dir='ltr'><strong>nuptaque</strong></span> <span class='ocrx_word' id='word_1_342' title='bbox 886 5208 1018 5259; x_wconf 79' lang='lat' dir='ltr'><strong>errarent·</strong></span> <span class='ocrx_word' id='word_1_343' title='bbox 1034 5208 1155 5260; x_wconf 59' lang='lat' dir='ltr'><strong>concita</strong></span> <span class='ocrx_word' id='word_1_344' title='bbox 1171 5216 1251 5257; x_wconf 78' lang='lat' dir='ltr'><strong>arms</strong></span> <span class='ocrx_word' id='word_1_345' title='bbox 1267 5206 1354 5267; x_wconf 71' lang='lat' dir='ltr'><strong>furor,</strong></span> 
     </span>
    </p>
   </div>
   <div class='ocr_carea' id='block_1_13' title="bbox 653 5289 1395 5437">
    <p class='ocr_par' dir='ltr' id='par_1_18' title="bbox 653 5289 1395 5437">
     <span class='ocr_line' id='line_1_45' title="bbox 653 5289 1391 5361; baseline -0.003 -17"><span class='ocrx_word' id='word_1_346' title='bbox 653 5291 772 5361; x_wconf 57' lang='lat' dir='ltr'><strong>nmine</strong></span> <span class='ocrx_word' id='word_1_347' title='bbox 789 5305 839 5356; x_wconf 89' lang='lat' dir='ltr'><strong>pro</strong></span> <span class='ocrx_word' id='word_1_348' title='bbox 856 5291 950 5355; x_wconf 74' lang='lat' dir='ltr'><strong>pacati</strong></span> <span class='ocrx_word' id='word_1_349' title='bbox 968 5291 1064 5345; x_wconf 82' lang='lat' dir='ltr'><strong>solitus</strong></span> <span class='ocrx_word' id='word_1_350' title='bbox 1080 5291 1202 5356; x_wconf 65' lang='lat' dir='ltr'><strong>vigilare</strong></span> <span class='ocrx_word' id='word_1_351' title='bbox 1220 5289 1391 5342; x_wconf 68' lang='lat' dir='ltr'><strong>dictamen</strong></span> 
     </span>
     <span class='ocr_line' id='line_1_46' title="bbox 723 5370 1395 5437; baseline -0.01 -6"><span class='ocrx_word' id='word_1_352' title='bbox 723 5375 887 5431; x_wconf 69' lang='lat' dir='ltr'><strong>musas</strong></span> <span class='ocrx_word' id='word_1_353' title='bbox 902 5370 1017 5427; x_wconf 65' lang='lat' dir='ltr'><strong>meatus</strong></span> <span class='ocrx_word' id='word_1_354' title='bbox 1031 5374 1116 5431; x_wconf 64' lang='lat' dir='ltr'><strong>etsta</strong></span> <span class='ocrx_word' id='word_1_355' title='bbox 1132 5371 1244 5426; x_wconf 69' lang='lat' dir='ltr'><strong>tuuis</strong></span> <span class='ocrx_word' id='word_1_356' title='bbox 1257 5382 1336 5437; x_wconf 73' lang='lat' dir='ltr'><strong>opu.</strong></span> <span class='ocrx_word' id='word_1_357' title='bbox 1391 5404 1395 5413; x_wconf 88' lang='lat'>·</span> 
     </span>
    </p>
   </div>
   <div class='ocr_carea' id='block_1_14' title="bbox 0 0 2392 6020">
    <p class='ocr_par' dir='ltr' id='par_1_19' title="bbox 0 0 2392 6020">
     <span class='ocr_line' id='line_1_47' title="bbox 0 0 2392 6020; baseline 0 0"><span class='ocrx_word' id='word_1_358' title='bbox 0 0 2392 6020; x_wconf 95' lang='lat' dir='ltr'><strong> </strong></span> 
     </span>
    </p>
   </div>
  </div>
 </body>
</html>
