4776 6024
722 161 1158 241 EPISTOLARUM

469 339 612 438 Philip.
637 332 864 410 lltlelontlcan

317 441 606 518 Gadescalca
632 436 884 510 Praetoria
916 437 954 512 S.
973 436 1019 511 D.

179 591 234 674 Et
249 597 430 686 diligentia
447 609 507 666 tua
533 596 638 665 laude
653 594 758 682 digna
782 605 852 676 est,
877 606 911 660 et
935 591 1050 680 ipsum
1073 605 1162 675 opus

178 706 223 770 de
243 698 408 792 Syntaxi,
442 699 538 789 quad
565 696 741 787 copiosius
763 693 933 784 scripturn
957 703 1024 772 est,
1058 708 1163 778 quarn

180 801 267 883 alia,
294 823 382 891 quae
401 812 521 868 extant
536 799 574 865 in
590 792 658 865 hoc
670 818 815 884 genere,
841 817 942 884 spero
963 791 1064 857 valde
1081 810 1165 876 pro-

178 901 339 971 futurum
352 899 529 971 studiosis.
570 896 646 968 Scis
664 909 834 988 qnantum
849 891 1041 962 cruciarint
1056 889 1166 954 inter-

179 1014 297 1095 pretes
311 996 396 1068 haec
413 1001 538 1082 verba,
562 994 650 1075 θεὸς
664 991 711 1088 ἦν
727 991 746 1066 ὃ
763 989 887 1090 λόγος,
912 994 996 1061 item
1013 983 1082 1080 τὴν
1099 983 1164 1079 ἅρ-

178 1098 252 1194 χὴν
269 1098 325 1171 ὅτι
343 1096 407 1171 καὶ
424 1103 523 1170 λαλῶ
545 1093 638 1187 ὑμῖν
645 1148 655 1180 ,
685 1097 774 1188 quia·
794 1095 929 1164 Graeca
955 1086 1093 1182 phrasis
1118 1111 1168 1155 ers

182 1207 302 1291 ignota
318 1203 397 1270 fnit.
447 1202 501 1269 Ac
518 1200 624 1267 velim
640 1212 672 1267 te
687 1197 820 1265 alicubi
838 1196 920 1266 talia
938 1190 1094 1280 exempla
1111 1189 1170 1255 in·

182 1316 308 1375 texere.
360 1301 569 1378 Benevola,
596 1299 731 1368 decima
747 1297 805 1366 die
823 1295 990 1367 Ianuarii.
1015 1285 1169 1387 (1564.)

1000 1720 1056 1780 10.
1078 1708 1144 1775 len.

954 1804 1165 1838 W

535 1908 585 1997 G.
598 1906 827 1993 Fabricio.
848 2007 853 2016 Ι

253 2064 332 2120 Edita
350 2066 469 2136 primurn
489 2086 504 2120 a
522 2065 672 2133 Stuberto,
699 2081 761 2135 epp.
782 2061 817 2115 V.
835 2079 864 2132 p.
882 2060 944 2117 414.
986 2059 1100 2114 Contuli
1118 2077 1169 2114 eo·

287 2134 345 2190 die·
359 2137 458 2189 Ziltar.
476 2154 522 2206 ep.
542 2137 587 2188 29.

187 2282 389 2384 Georgia
423 2284 668 2375 Fabricio,
698 2281 848 2358 Rectori
878 2280 1036 2357 Scholae
1069 2282 1172 2358 Mis-

614 2389 750 2495 acopis.

182 1666 249 1787 Ν..
264 1708 378 1790 essa.

188 1818 400 1855 w

185 2524 235 2610 S·
261 2534 305 2608 l).
364 2537 490 2609 Frater
518 2550 619 2623 tuus,
651 2536 708 2606 vir
727 2537 900 2627 optimos,
931 2549 993 2607 tua
1020 2538 1170 2607 consilia

186 2641 458 2729 obtemperavit,
496 2640 591 2709 etin
615 2639 793 2708 academia
822 2661 895 2708 esse
925 2638 1063 2712 maluit.
1122 2635 1171 2709 Et

187 2763 269 2829 ega,
284 2741 439 2829 cogitans
457 2740 696 2810 difficultatem
718 2740 815 2808 illius
831 2740 1079 2829 paedagogiae‚
1095 2764 1169 2809 non

185 2840 289 2910 valde
304 2844 507 2910 adversatus
520 2864 597 2908 sum
614 2841 724 2931 ipsius
737 2840 926 2914 voluntati.
977 2840 1080 2910 Nunc
1095 2865 1169 2910 nan

187 2943 262 3009 sine
300 2941 539 3009 sollicitudine
572 2935 668 3009 hunc
692 2936 894 3012 Nicolaum
926 2932 1170 3032 Potitium),

186 3038 499 3128 Noribergensem,
531 3040 652 3126 mitto,
686 3043 828 3110 ductum
850 3043 964 3110 virum
988 3041 1027 3108 in
1052 3043 1169 3112 amni-

187 3141 255 3210 bus
268 3133 515 3231 philosophiae
536 3142 715 3229 partibns,
740 3154 774 3209 et
795 3164 869 3209 non
891 3165 1092 3228 morosum,
1117 3158 1169 3213 te-
1242 3180 1253 3197 ·

187 3262 257 3335 qne
274 3264 356 3324 ara,
382 3253 422 3310 nt
438 3264 518 3312 eum
535 3240 778 3331 complectaris
794 3254 829 3311 et
844 3242 1001 3311 consiliis
1026 3243 1096 3312 tuis
1112 3269 1167 3312 re-

187 3362 257 3430 gas.
310 3338 429 3431 lpsum
446 3342 550 3412 etiam
573 3365 674 3432 spero
695 3343 864 3413 intuenda
883 3356 997 3413 vestra
1014 3346 1166 3431 amicitia

185 3442 325 3511 firmum
343 3443 430 3514 sore.
481 3440 650 3513 Hortalus
672 3467 749 3512 sum
772 3468 871 3529 eum,
896 3460 936 3516 ut
960 3460 993 3515 te
1011 3460 1045 3514 et
1059 3447 1167 3515 calle-

186 3564 246 3630 gas
260 3554 353 3612 amet
376 3556 412 3611 et
428 3561 629 3630 veneretur,
654 3559 688 3614 et
704 3570 926 3616 communem
942 3548 1166 3615 concordiam

187 3655 345 3725 tueatur,
364 3643 435 3712 tuis
454 3669 536 3714 vero
552 3647 708 3714 consiliis
722 3661 842 3717 utatur
857 3663 889 3716 et
904 3650 948 3716 de
964 3649 1168 3722 erudiendis

188 3743 467 3813 adolescentibus
489 3749 579 3816 etde
604 3748 716 3817 aulica
739 3751 1004 3818 consuetudine.
1053 3746 1168 3829 tsci-

188 3856 245 3923 to,
278 3839 347 3915 huc
368 3847 539 3935 scriptum
562 3870 653 3932 esse,
685 3860 728 3917 nt
752 3842 936 3940 Georgius
959 3844 1093 3918 Maior
1123 3853 1167 3921 ad

188 3967 251 4013 vas
275 3946 497 4035 commigret,
536 3961 575 4016 ut
617 3949 745 4039 praesit
782 3950 929 4038 collegia
958 3943 1167 4038 theologico.

189 4043 285 4133 Quid
302 4048 456 4118 facturus
478 4049 522 4118 sit
538 4053 697 4120 nandum
714 4048 871 4140 scio''²),
896 4053 953 4119 sed
973 4073 1036 4120 oro
1053 4051 1165 4120 lilium

188 4144 273 4229 D'ei,
294 4161 332 4214 ut
348 4150 519 4234 gubernet
536 4152 777 4223 doctrinarum
793 4152 908 4221 studia
924 4153 962 4220 in
981 4147 1037 4220 his
1053 4153 1168 4240 regio-

189 4243 315 4325 nibus,
347 4260 400 4330 et,
435 4262 476 4318 ut
503 4263 544 4319 tu
566 4253 719 4337 scribis,
757 4253 918 4324 doctores
948 4276 1069 4325 amnes
1097 4255 1167 4324 sint

188 4368 324 4432 unum,
348 4349 496 4419 doceant
509 4374 633 4438 unum,
656 4357 832 4425 fateantur
846 4367 880 4425 et
894 4379 1017 4426 unum.
1060 4353 1168 4426 Mitto

189 4447 256 4514 tibi
277 4447 441 4538 pagellas.
500 4446 597 4520 Bene
629 4468 663 4525 et
696 4450 845 4526 feliciter
878 4454 967 4531 vale.
1023 4453 1091 4525 Die
1123 4457 1168 4530 X.

189 4543 358 4623 lanuarii.

924 4651 1122 4755 Philippus.

182 4810 407 4834 ...ιι-η...

223 4902 254 4971 1)
271 4870 360 4985 Nieah
374 4905 460 4968 Pale,
478 4906 526 5029 pai
543 4918 668 4961 martana
685 4925 742 4960 esse
760 4906 859 4962 dieitur
879 4906 962 4961 1115.
974 4906 1041 4987 elpr.
1065 4906 1119 4962 Sed
1138 4909 1164 4961 in

254 4971 430 5040 eprrtahaaad
444 4976 481 5029 Fa
502 4976 601 5031 eiciunt
620 4993 693 5030 anna
715 4977 788 5030 1554.
807 4975 915 5047 scriptae
933 4977 967 5028 de
984 4975 1032 5029 tlla
1050 4975 1164 5031 Nicolaa

253 5052 331 5106 saepe
355 5050 394 5093 eet
411 5062 519 5114 reema,
539 5054 566 5098 e‘t
591 5045 663 5099 idem
689 5044 801 5098 tradidit
818 5043 844 5098 d.
862 5046 889 5099 5.
906 5042 979 5099 net.
997 5063 1071 5098 anna
1089 5045 1164 5099 1554.

293 5175 300 5190 .
496 5114 636 5185 eplatolam
666 5112 852 5169 lllelanthonia
875 5114 902 5170 d.
929 5112 974 5170 2⁵.
991 5111 1061 5169 Nor.
1087 5114 1163 5168 1554.

218 5220 222 5229 .
245 5183 385 5249 seraptem.
493 5214 496 5219 -
715 5204 718 5213 ·
846 5202 851 5225 1

210 5277 245 5350 2)
260 5277 336 5334 llaec
348 5276 496 5333 Senbertue
513 5295 568 5333 non
587 5279 681 5341 edidit.
735 5244 739 5251 Ι
769 5270 774 5283 “
798 5268 801 5275 ’

827 5376 838 5421 1

186 5132 202 5173 ,t
252 5107 467 5175 Baumgartnern

1222 162 1326 236 LlB.
1351 159 1435 264 Xll.
1491 157 1621 237 1554.

1214 331 1278 404 Na.
1292 327 1405 403 5581.

1220 425 1391 456 m

1563 510 1633 595 Μ.
1663 509 1854 598 Gallina.

1285 673 1365 745 11.
1382 690 1477 744 ...μ
1495 673 1524 727 n
1542 671 1606 726 eoa.
1625 669 1712 728 aare.
1729 668 1766 725 n.
1784 667 1819 723 1.
1837 667 1900 724 ⁵4⁸.

1217 803 1475 881 Matthaeo
1500 801 1715 894 Collina,
1738 805 1779 878 in
1794 800 1997 877 Academia
2011 799 2213 902 Progensi.

1219 940 1269 1028 S·
1294 957 1340 1031 D.
1396 955 1610 1029 Doctissime
1639 958 1697 1026 vir
1726 969 1760 1027 et
1786 957 1905 1029 cariss.
1934 957 2055 1026 frater.
2125 956 2209 1028 Nan

1139 1088 1147 1103 ·
1220 1058 1325 1128 alrarn
1341 1060 1577 1130 existimemus
1597 1081 1738 1128 cansam
1762 1081 1836 1126 esse
1858 1062 1944 1128 tarn*
1953 1058 2051 1149 longi
2075 1059 2210 1130 silentii

1222 1161 1291 1230 mei
1309 1155 1506 1246 nisibeno,
1532 1162 1627 1255 quod
1642 1182 1747 1227 nemo
1763 1157 1967 1229 tabellarias
1989 1161 2034 1228 ad
2050 1182 2115 1230 vos
2137 1163 2209 1233 itu·

1222 1283 1280 1331 ras
1302 1257 1393 1331 mihi
1414 1261 1596 1331 indicavit.
1647 1256 1768 1329 Hodie
1791 1284 1875 1330 vera
1893 1252 2073 1346 Iacobus,
2098 1257 2207 1334 homo

1223 1362 1416 1442 officiosus,
1448 1362 1568 1432 literas
1590 1384 1610 1431 a
1631 1383 1689 1430 me
1712 1360 1899 1450 flagitavit,
1924 1385 2129 1457 quanquam
2151 1367 2211 1435 cui

1223 1464 1418 1534 traditurus
1438 1463 1483 1532 sit
1503 1462 1633 1536 nescio.
1690 1460 1824 1553 Scripsi
1845 1462 1954 1552 igitur
1971 1463 2090 1534 cubito
2115 1459 2208 1536 hanc

1224 1565 1428 1655 epistolam,
1456 1579 1496 1633 nt
1515 1564 1696 1635 silentium
1720 1585 1893 1638 excusem.
1947 1561 2021 1633 Nec
2042 1577 2208 1656 poteram

1224 1666 1293 1733 iam
1319 1678 1381 1734 aut
1407 1668 1450 1734 ad
1474 1665 1563 1735 alios
1585 1666 1723 1734 mittere
1746 1664 1883 1746 literas,
1908 1676 1970 1736 ant
1991 1664 2059 1735 tibi
2076 1666 2121 1735 de
2139 1682 2205 1737 tuo

1223 1767 1379 1835 carmine
1410 1778 1568 1835 accurate
1593 1767 1807 1856 respondere
1838 1767 1877 1834 in
1913 1772 2012 1836 tanta
2042 1769 2206 1857 angustia

1223 1868 1402 1957 temporis.
1452 1864 1523 1938 Sed
1546 1867 1785 1959 respondebo,
1809 1890 1889 1936 cum
1914 1865 2130 1938 indicabitur
2151 1881 2208 1938 ta-

1224 1968 1392 2036 bellarius
1420 1982 1546 2041 certus.
1606 1966 1711 2037 Nunc
1731 1968 1833 2038 mitta
1853 1968 2006 2040 recentia
2031 1971 2209 2060 paiimata,

1224 2093 1313 2161 qrrae
1337 2071 1547 2147 ostendunt,
1585 2062 1702 2138 adhuc
1724 2069 1915 2139 mediocria
1938 2068 1978 2138 in
2001 2063 2058 2139 his
2077 2069 2208 2140 vicinis

1224 2167 1423 2239 Academiis
1443 2169 1686 2239 doctrinarum
1707 2171 1824 2240 studia
1841 2194 1925 2243 esse.
1975 2168 2029 2242 De
2042 2171 2209 2242 veniente

1223 2285 1352 2341 aestate
1379 2272 1488 2359 magis
1519 2294 1576 2339 me
1602 2270 1684 2341 tetri
1715 2271 1872 2342 siderum
1905 2271 2039 2364 positus
2069 2284 2207 2344 terrent

1224 2396 1330 2463 qrram
1370 2395 1512 2450 eorum,
1550 2371 1613 2465 qui
1652 2371 1788 2441 bellum
1821 2387 1968 2463 gerunt,
2004 2374 2205 2465 adparatus.

1223 2466 1444 2541 Thaddeam
1461 2473 1569 2541 velim
1590 2472 1696 2542 nobis
1710 2473 1845 2567 aliquid
1861 2474 2057 2565 significare
2072 2474 2116 2545 de
2133 2474 2208 2545 suis

1224 2573 1411 2644 vaticiniis.
1464 2576 1518 2647 De
1541 2585 1735 2658 conventu,
1769 2600 1874 2668 quem
1893 2574 2043 2648 Carolus
2064 2576 2207 2660 indixit,

1224 2689 1257 2745 et
1272 2700 1376 2768 quern
1393 2670 1460 2744 hac
1481 2673 1646 2744 lanuario
1660 2669 1821 2746 inchoari
1836 2678 1967 2763 valuit,
1990 2672 2084 2745 nihil
2101 2678 2207 2749 audi-

1223 2801 1311 2850 mus.
1363 2764 1528 2845 Carolus
1549 2774 1743 2865 lmperatar
1765 2778 1804 2845 in
1818 2776 1960 2870 Belgica
1981 2790 2049 2865 est,
2072 2791 2108 2849 ct
2134 2771 2207 2849 hac

1222 2880 1310 2966 agit,
1342 2889 1383 2946 nt
1414 2878 1488 2947 filia
1518 2869 1699 2972 Philippa
1729 2879 1842 2951 nubat
1874 2878 2012 2972 Regina
2042 2874 2205 2970 Anglica.

1221 2978 1332 3048 Plura
1346 2977 1497 3047 scribam
1513 3000 1620 3071 quam
1635 2978 1791 3071 primum
1811 2993 1945 3074 potero.
1994 2978 2093 3049 Bene
2106 2994 2139 3051 et
2152 2983 2208 3051 ie-

1222 3079 1336 3149 liciter
1348 3079 1437 3148 vale.
1490 3078 1643 3155 1511111.
1668 3076 1779 3153 1554.
1829 3080 1987 3156 Salutem
2009 3096 2094 3175 opta
2115 3084 2208 3152 ami·

1221 3204 1271 3251 crs
1285 3180 1462 3250 amnibus.

1239 3516 1304 3590 No.
1322 3514 1436 3595 ⁵532.

1227 3613 1438 3651 Nm

1510 3695 1621 3809 cpe.
1647 3666 1944 3787 Statamtmt

1288 3850 1372 3925 Epio.
1388 3850 1596 3927 1111111111
1612 3855 1668 3925 (aa.
1679 3851 1768 3913 tona
1778 3853 1876 3912 11111.
1887 3855 2024 3930 aaran

1339 3987 1394 4068 D.
1417 3986 1766 4093 Christapltaro
1790 3987 2097 4071 Stathmiani

1221 4126 1271 4214 S.
1297 4136 1343 4213 D.
1392 4139 1566 4212 Delectati
1579 4166 1701 4213 sumus
1725 4142 1877 4213 lectione
1898 4143 2023 4234 scripti
2044 4150 2099 4219 tui
2121 4172 2205 4223 eru·

1221 4242 1388 4312 ditissimi
1405 4244 1448 4310 de
1463 4244 1659 4315 mutatione
1673 4240 1866 4315 hamarum
1879 4263 2095 4335 congruente
2118 4274 2204 4333 cnm

1221 4342 1344 4414 Lunae
1359 4344 1557 4416 itineribus.
1608 4342 1655 4414 Et
1668 4368 1733 4413 nos
1750 4346 1815 4436 ipsi
1835 4348 2071 4438 comperimus
2084 4374 2204 4421 exem·

1221 4447 1291 4536 pla.
1333 4444 1455 4538 ltaque
1472 4461 1506 4516 et
1521 4445 1664 4536 publica
1680 4447 1825 4517 nomine
1841 4460 1874 4517 et
1893 4472 1972 4518 meo
1989 4448 2054 4519 tibi
2067 4452 2201 4540 gratias

1221 4570 1306 4634 ago,
1333 4549 1429 4639 quad
1452 4542 1516 4615 has
1537 4561 1613 4615 tuas
1635 4547 1899 4619 observationes
1921 4548 2071 4622 edidiati.
2122 4547 2202 4623 De-

1221 4662 1276 4719 cet
1308 4671 1373 4716 nos
1397 4649 1639 4717 testimonium
1671 4649 1837 4738 praebere
1869 4648 2023 4736 veritati,
2059 4650 2202 4723 etiamsi

1220 4749 1343 4832 multi,
1375 4762 1415 4817 ut
1429 4746 1616 4841 Cyclopes,
1649 4750 1811 4819 ordinem
1832 4751 1972 4820 divinae
1994 4752 2199 4842 sapientiae,

1218 4852 1381 4918 miranda
1402 4862 1475 4917 arte
1498 4850 1716 4933 institutum,
1740 4865 1979 4923 contemnant.
2031 4850 2100 4923 llic
2121 4854 2197 4943 ipse

1218 4972 1333 5020 annus
1347 4951 1503 5021 ostendit
1514 4973 1587 5019 non
1600 4951 1737 5020 ociosos
1752 4974 1824 5021 esse
1837 4953 2019 5024 stellarnrn
2031 4975 2199 5044 congres-

1217 5074 1294 5137 sus,
1320 5051 1383 5145 qui
1397 5067 1502 5123 erunt
1521 5053 1626 5121 initia
1649 5045 1793 5144 anni*).
1841 5051 1913 5123 Sed
1933 5051 2050 5128 Deum
2071 5054 2203 5129 candi·

1215 5210 1436 5222 -ι--υ-ι-

1244 5280 1272 5350 ⁴¹)
1290 5281 1354 5337 vta.
1370 5300 1415 5354 ep.
1427 5282 1460 5338 ad
1475 5280 1671 5339 Statbmioneen
1686 5280 1713 5335 d.
1729 5280 1846 5337 &Faba
1861 5281 1939 5344 1⁵⁵6.
