4776 6024
80 349 154 426 109

166 514 220 596 Ι).
243 510 462 588 Iohanni
485 510 749 612 Baptistae
770 511 998 587 Heacslia

84 653 135 740 S·
162 667 208 741 D.
260 666 467 739 Clarissima
484 664 539 734 vir
560 678 593 735 et
609 679 757 756 patrone
778 666 946 750 colende,
978 658 1071 752 Opi-

83 792 151 840 nor
165 772 204 839 in
218 769 347 837 multis
367 768 470 837 rebus
484 766 721 836 animadverti
738 791 856 857 posse,
881 789 938 834 me
958 788 1070 855 parsc-

82 871 244 940 moniam
260 891 395 952 amare,
414 882 447 937 et
464 860 537 936 non
554 867 709 937 libenter
724 868 812 937 alios
826 881 967 956 sumptu
983 888 1069 933 one-

83 995 179 1043 rare.
236 968 357 1056 Quare
382 968 506 1036 vellem
533 967 789 1059 amplissimum
811 968 981 1039 Senatum
1009 988 1070 1032 ve-

86 1087 202 1143 strum
226 1065 315 1139 mihi
334 1092 404 1138 non
427 1069 563 1138 misisse
585 1069 790 1158 pracsertim
812 1082 883 1138 tam
900 1089 1067 1155 magnum

82 1193 235 1242 munus:
285 1168 353 1241 Sad
375 1183 492 1238 umen
517 1183 551 1238 et
573 1168 817 1240 benevolentia
837 1183 949 1239 vestra
972 1167 1068 1235 dele-

84 1287 182 1351 etat,
207 1283 241 1341 et
255 1294 319 1361 pro
332 1271 410 1365 ipso
422 1292 570 1340 munere
590 1270 843 1360 gratitudinem
865 1271 992 1338 debere
1011 1290 1067 1334 me

82 1374 219 1457 fateor,
244 1384 277 1440 et
293 1371 352 1440 nbi
368 1384 512 1462 potero,
537 1393 615 1439 eam
630 1370 814 1440 declarabo
830 1370 916 1439 meis
935 1368 1068 1437 labori-

85 1476 167 1546 bus.
220 1470 365 1563 Semper
391 1471 505 1540 amavi
530 1466 816 1541 Aristocraticam
841 1468 1068 1560 gubernatio-

86 1570 184 1658 nem,
207 1597 295 1664 quae
312 1571 423 1661 magis
446 1585 497 1640 est
520 1570 559 1640 in
583 1572 673 1640 bene
693 1571 838 1641 moratis
858 1569 1068 1649 civitatibus,

85 1696 188 1767 φιιιιι
209 1674 248 1741 in
272 1673 399 1742 aulicis
421 1670 601 1762 Imperiis3
634 1696 674 1743 ac
695 1695 796 1762 saepe
822 1671 916 1751 dixi,
949 1669 1068 1737 existi-

85 1798 178 1844 mare
196 1799 251 1842 me
267 1770 385 1843 Deum
401 1773 440 1841 in
456 1772 606 1843 urbibus
619 1767 687 1843 boc
704 1786 861 1863 tempore
877 1771 1067 1841 collocasse

79 1868 274 1959 Ecclesiae,
298 1887 338 1943 ut
352 1873 484 1943 alicubi
497 1874 680 1945 doctrinae
696 1873 866 1966 reliquiae
881 1894 1068 1941 conserva-

84 1988 226 2056 rentur,
240 1974 324 2067 quia
339 1975 417 2055 τοῖς
426 1966 641 2069 κενταύροις
653 1970 699 2047 οὐ
712 1970 811 2066 μέλει
825 1961 1070 2065 ἐπιτηδευμά-

82 2099 162 2146 των
187 2070 429 2156 διδασκαλίας
453 2070 517 2146 καλ
538 2070 739 2170 ἐκκλησίας.
790 2074 911 2164 erare
934 2071 1068 2141 Filium

82 2176 156 2246 Dei
171 2173 369 2247 Dominum
393 2192 552 2247 nostrum
576 2174 693 2246 lesum
716 2170 898 2247 Christum
922 2195 1004 2256 oro,
1029 2185 1070 2241 ιιι

83 2290 118 2347 et
134 2290 282 2347 vestram
305 2276 481 2346 civitatem
506 2289 540 2346 ct
552 2274 748 2348 Ecclesiam
771 2291 921 2347 vestram
944 2283 1071 2354 servet,

80 2389 247 2467 protegat
278 2386 315 2444 et
343 2377 529 2463 gubernet,
564 2389 668 2469 teque
701 2400 766 2448 oro
789 2391 830 2448 ut
852 2373 1069 2465 amplissimo

79 2474 237 2546 Senatui
252 2473 341 2540 meis
355 2476 470 2542 verbis
483 2475 733 2563 gratitudinem
749 2476 861 2544 animi
878 2474 947 2542 mci
963 2497 1071 2563 expo-

82 2596 179 2657 nas,
210 2597 249 2641 ac
279 2572 414 2640 deleres
442 2596 538 2642 meos
560 2575 700 2643 labores
728 2570 907 2643 Ecclesiae
929 2587 1073 2641 vestrae.

80 2672 186 2744 Haec
196 2696 275 2740 cum
295 2671 486 2741 scriberem
508 2666 696 2742 Maecilio
715 2668 888 2743 Albertos
909 2695 972 2762 per
993 2666 1032 2740 T
1031 2696 1073 2740 a·

84 2770 249 2867 riagiam
266 2772 335 2842 iter
349 2772 496 2855 iecerat,
522 2784 717 2865 properans
735 2776 780 2844 ad
797 2774 983 2843 exercitum
1001 2769 1071 2841 Co-

80 2875 181 2945 mitis
196 2866 431 2967 Oldeburgii.
482 2870 579 2943 Deus
596 2875 757 2946 restituat
780 2898 898 2962 pacem
914 2867 1072 2943 Germa-

83 2976 178 3051 niae.
229 2971 328 3045 Bene
343 2987 379 3045 et
396 2973 546 3045 feliciter
560 2974 652 3045 vale.
701 2970 745 3045 D.
764 2973 823 3048 17.
841 2971 949 3044 lunii.

79 3357 147 3430 No.
162 3350 272 3429 5414.

89 3454 297 3493 m

912 3369 971 3431 18.
986 3358 1058 3426 lun.

385 3552 478 3642 Iac.
504 3552 766 3664 Bardingo.
801 3486 805 3494 ¹

184 3707 263 3778 'pbr
279 3725 375 3782 apogr.
394 3710 423 3766 in
440 3711 505 3771 cot.
523 3712 602 3771 Paris
618 3712 656 3769 D.
677 3712 708 3768 1.
728 3715 789 3770 w.

80 3863 258 3938 Iacobo
281 3862 551 3965 Bardiago,
584 3864 728 3943 doctori
757 3870 853 3942 artis
878 3867 1002 3944 medic.
1028 3872 1069 3944 ia

246 3966 387 4066 tbclyla
411 3966 614 4043 Academia
638 3966 910 4049 Roscocttana.

81 4103 133 4190 S.
145 4114 192 4188 D·
229 4114 368 4190 Clariss.
383 4120 440 4191 vir
454 4134 490 4192 et
502 4103 618 4196 ca'riss.
632 4122 753 4198 irater.
789 4119 956 4194 Delector
969 4123 1069 4217 cqui-

81 4224 162 4288 dem
174 4233 319 4311 propter
332 4222 506 4312 privatam
521 4223 729 4293 suavitatem
737 4224 981 4296 benevolentia
997 4240 1067 4298 tua.

82 4318 148 4391 Sed
161 4315 325 4416 multo')
342 4324 452 4413 magis
470 4324 610 4416 publica
628 4348 729 4394 causa
745 4325 876 4411 laetor,
901 4340 935 4396 te
949 4327 1065 4395 virum

83 4422 306 4492 excellentem
323 4422 477 4510 iudicio,
500 4425 700 4496 eruditione
714 4438 749 4496 ct
764 4426 895 4496 virtute
910 4449 984 4495 non
1000 4427 1067 4493 im·

83 4523 228 4610 probare
247 4545 360 4611 genus
383 4525 566 4595 doctrinae
586 4510 682 4617 qood
699 4526 909 4616 amplector,
934 4538 1066 4618 tuoque
1117 4514 1185 4591 No.
1201 4512 1314 4590 5416.

82 4622 285 4709 gravissimo
314 4624 450 4695 iudicio
478 4626 553 4716 ipse
576 4626 785 4711 confirmor,
820 4627 913 4696 sicut
936 4626 1067 4697 Paulus

84 4721 148 4805 ait,
173 4742 211 4790 se
226 4744 300 4791 non
313 4725 427 4794 solum
443 4725 626 4796 doctrinae
640 4749 722 4796 suae
740 4727 874 4796 semina
888 4728 927 4796 in
940 4722 1066 4798 Eccle-

84 4821 131 4889 sia
146 4818 312 4892 Romana
335 4847 497 4916 spargere
520 4848 664 4917 cupere,
697 4828 758 4896 sed
780 4829 935 4897 vicissim
960 4830 1064 4898 etiam

85 4922 125 4990 ab
157 4921 242 5012 ipsis
271 4924 363 4994 velle
391 4923 766 5024 συμπαρακληθῆιαι.
824 4928 933 5000 Mitto
965 4930 1066 5001 vobis

12 5102 15 5135 i
84 5036 156 5111 post
172 5047 301 5110 paucos
317 5028 394 5098 dies
410 5028 679 5120 responsionem
696 5051 811 5099 meam
828 5031 873 5100 de
888 5025 1068 5100 Stancari

87 5127 351 5210 controversiis,
382 5130 427 5198 de
449 5154 519 5223 qua
543 5153 611 5199 vos
634 5149 754 5198 severe
785 5129 941 5199 iudicare
976 5132 1068 5200 volo.

87 5217 157 5292 Oro
171 5224 286 5296 lilium
300 5224 387 5312 Dei,
411 5243 453 5299 ut
468 5253 532 5299 vos
550 5242 584 5299 et
597 5252 663 5300 nos
678 5229 773 5302 inter
797 5222 862 5297 has
879 5251 1068 5318 regnorum

84 5379 303 5399 w

116 5450 269 5523 *ιωυιοι
286 5450 416 5526 efflei
434 5452 597 5525 mm·

660 297 1097 421 uetsronanuu
1146 345 1363 426 ninxn.
1414 345 1547 427 1⁶5³.

2038 352 2111 426 110

1121 516 1243 586 ruinas
1258 530 1428 607 protegat.
1478 511 1598 588 Audio
1613 510 1791 590 Carolam
1806 522 2058 616 Imperatorem
2073 536 2109 593 et

1121 618 1265 687 fratrem
1288 616 1422 705 Regem
1448 608 1734 689 Ferdiaaadom
1759 626 1953 713 periculose
1984 645 2108 712 aegro-

1042 764 1051 780 .
1121 732 1205 788 tare.
1258 716 1298 786 ld
1323 741 1463 810 qnoque
1489 719 1630 790 videtur
1654 724 1727 789 fato
1744 723 1863 812 aliquo
1887 725 2043 794 accidere
2067 723 2105 791 in

1120 814 1187 887 hoc
1203 831 1302 887 tanto
1319 816 1484 887 incendio
1504 817 1737 907 Germaniae3
1764 827 1823 891 sed
1839 823 1915 893 Deo
1928 847 1993 892 nos
2008 849 2106 893 com-

1119 921 1338 991 mendemus.
1397 916 1494 986 Bene
1521 921 1608 991 vale.
1668 922 1726 992 18.
1748 924 1806 993 die
1836 922 1943 999 lunii.
1999 923 2106 995 Salu-

1120 1034 1188 1089 tem
1202 1032 1286 1110 opto
1303 1016 1348 1092 D.
1364 1015 1503 1112 Mylio.

1130 1368 1196 1442 No.
1212 1362 1324 1442 5415.

1125 1464 1337 1504 Μ

1443 1573 1505 1657 Ι).
1535 1572 1776 1689 Chytraeo

1189 1720 1238 1788 (Ex
1257 1722 1358 1777 David.
1379 1723 1504 1795 betraei
1523 1725 1644 1797 epistolis
1662 1744 1689 1798 p.
1710 1724 1799 1795 1238.)

1374 1873 1564 1948 Daeidi
1587 1868 1838 1974 Cliytraeo.

1120 2009 1338 2092 Doctissime
1361 2025 1470 2095 viret
1497 2028 1674 2097 carissime
1689 2029 1808 2099 freter.
1861 2024 1968 2114 Quod
1991 2024 2105 2097 Filius

1122 2124 1192 2192 Dei
1210 2125 1294 2192 texit
1311 2149 1373 2192 vos
1389 2127 1425 2193 in
1443 2128 1591 2208 itinere,
1616 2116 1650 2198 et
1673 2131 1717 2198 ad
1738 2125 1938 2198 Ecclesiam*
1954 2141 2105 2198 vestram

1120 2250 1160 2292 ac
1175 2224 1341 2316 inclytam
1352 2222 1578 2296 Academiam
1593 2230 1742 2312 reduxit,
1756 2228 1845 2319 grati
1863 2242 1896 2298 et
1912 2222 1979 2296 hoc
1996 2230 2105 2320 ipsius

1120 2324 1328 2394 beneficium
1344 2326 1569 2401 celebremus.
1620 2327 1705 2400 Post
1718 2330 1785 2399 iter
1801 2341 1954 2398 vestrum
1967 2328 2105 2398 absolvi

1121 2427 1385 2515 responsionem
1419 2430 1463 2497 de
1503 2425 1685 2499 Staacari
1718 2428 1967 2499 controversia.
2031 2425 2105 2498 Res

1120 2549 1246 2614 magna
1261 2541 1330 2610 est,
1356 2530 1435 2609 sed,
1461 2542 1501 2598 ut
1523 2554 1585 2618 ego
1603 2531 1785 2613 existimo,
1810 2532 1854 2599 de
1869 2551 1938 2620 qua
1960 2527 2102 2617 piorum

1122 2627 1251 2697 iudicia
1276 2628 1506 2700 consentient.
1564 2628 1706 2700 Mittam
1730 2630 1831 2699 vobis
1863 2650 1983 2695 meum
2015 2627 2104 2697 scri·

1123 2741 1242 2818 ptum,
1263 2750 1303 2796 ac
1319 2741 1435 2819 petam
1449 2743 1489 2797 ιιι
1504 2730 1642 2819 legatis,
1667 2745 1836 2823 tanquam
1852 2729 2024 2804 Censores
2047 2751 2103 2795 se·
2173 2742 2184 2757 ·

1123 2828 1277 2898 veriores
1292 2824 1523 2920 Areopagitis.
1575 2829 1710 2900 Ducam
1731 2831 1826 2900 enim
1849 2851 2017 2918 magnum
2040 2829 2104 2899 be·

1122 2929 1286 2999 neficium
1302 2951 1395 3011 esse,
1420 2932 1450 3000 si
1469 2931 1506 2999 in
1523 2954 1561 3000 re
1577 2946 1673 3003 tanta
1691 2933 1838 3002 meliora
1854 2956 1910 3000 me
1925 2929 1986 2998 alii
1999 2931 2104 2999 doce-

1124 3031 1226 3102 bunt.
1276 3026 1433 3122 Expecto
1454 3056 1472 3102 a
1493 3045 1526 3102 te
1549 3033 1667 3104 literas
1687 3036 1731 3103 de
1748 3035 1931 3105 vocatione
1950 3029 2105 3102 Palatini

1123 3124 1166 3198 F
1162 3124 1319 3205 riderici.
1369 3129 1467 3201 Bene
1482 3149 1516 3206 et
1531 3135 1680 3206 feliciter
1694 3137 1771 3204 vale
1786 3149 1821 3206 et
1834 3132 1999 3206 rescribe.
2037 3130 2105 3202 Sa-

1123 3232 1233 3301 lutem
1256 3245 1340 3324 epto
1361 3234 1462 3302 vobis
1484 3237 1661 3306 omnibus.
1711 3235 1793 3305 Mea
1819 3259 1910 3305 uxor
1935 3231 2104 3322 paulatim

1123 3332 1347 3402 contabescit.
1398 3327 1606 3404 Iohannem
1622 3360 1853 3405 oeconomum
1872 3357 1990 3403 mcum
2007 3328 2105 3400 Deus

1123 3456 1163 3501 ex
1187 3427 1254 3501 bac
1276 3433 1348 3502 vita
1371 3437 1529 3505 evocavit
1550 3452 1630 3506 ante
1647 3433 1711 3505 bas
1733 3435 1941 3505 domesticas
1965 3441 2104 3502 nostras

1122 3554 1319 3603 aerumnas.
1353 3529 1400 3602 Et
1415 3534 1571 3603 fortassis
1586 3536 1792 3625 impendent
1806 3536 1911 3605 nobis
1926 3558 2016 3604 nova
2031 3532 2106 3600 exi-

1123 3633 1182 3705 lia.
1219 3629 1357 3701 Harum
1369 3633 1605 3704 calamitatum
1622 3649 1851 3727 spectatorem
1868 3659 1942 3704 esse
1957 3626 2106 3703 Iohan-

1123 3753 1203 3800 nem
1224 3730 1322 3801 Deus
1347 3734 1473 3804 noluit.
1521 3733 1619 3806 Rene
1643 3750 1678 3808 et
1693 3736 1842 3805 feliciter
1857 3735 1933 3803 vale
1951 3747 1986 3803 et
2001 3753 2105 3820 saepe

1122 3833 1226 3903 nobis
1249 3833 1405 3908 scribito.
1461 3833 1619 3907 Salutem
1645 3852 1728 3929 opto
1753 3837 1854 3906 vobis
1878 3831 2043 3904 omnibus
2063 3853 2104 3898 ac

1121 3934 1332 4004 nominatim
1374 3930 1598 4031 Wesliago,
1644 3963 1751 4030 quem
1785 3937 1850 4006 tibi
1884 3931 2103 4004 commendo.

1120 4034 1187 4106 Die
1210 4035 1268 4106 18.
1283 4032 1390 4112 lunii.

1856 4130 2053 4229 Philippus.

1790 4438 1817 4489 e

1967 4519 2106 4641 Q

1326 4700 1442 4791 Ν.Ν.
1457 4701 1542 4814 (Α.
1562 4699 1897 4819 Weccclc‘apo?)

1186 4857 1210 4929 λ’
1225 4856 1263 4912 lta
1280 4862 1434 4932 apographo
1456 4863 1559 4916 codicis
1573 4863 1632 4931 54.,
1669 4864 1696 4916 ui
1710 4863 1791 4915 estin
1805 4857 1976 4913 Bibliotheca
1989 4856 2030 4914 st.
2047 4864 2103 4917 De·

1217 4944 1335 4984 noscere
1348 4928 1462 4986 latetiis
1477 4929 1605 4986 Parisior.
1642 4880 1786 4998 Descripta
1804 4925 1944 4982 cclesias.
1957 4926 2071 4985 uecta.

1125 4612 1297 4643 Μ

1158 5072 1212 5152 Ν.
1238 5076 1290 5153 Ν.
1316 5080 1465 5176 (forense
1491 5078 1701 5153 Andreae
1730 5074 2070 5181 Wesseliago.)

1120 5209 1168 5298 S·
1193 5227 1241 5298 D.
1292 5225 1502 5297 Reverende
1519 5242 1555 5299 et
1569 5230 1687 5305 cariss.
1701 5235 1829 5322 irater,
1850 5231 2106 5307 circumvallat

1120 5326 1265 5413 angelus
1280 5323 1427 5398 Domini
1443 5328 1606 5401 timentes
1622 5356 1714 5419 eum,
1740 5337 1906 5407 videlicet
1921 5337 1995 5426 ipse
2009 5330 2106 5405 lilius

1118 5421 1207 5514 Dei,
1239 5438 1357 5501 custos
1379 5426 1577 5519 Ecclesiae,
1609 5458 1713 5528 qoem
1742 5437 1778 5507 b.
1804 5435 1910 5506 lacob
1943 5433 2107 5507 nominat
