4776 6024
241 225 287 302 15
816 202 1245 280 ertsrouartun
1297 204 1509 280 uranu
1563 200 1690 283 cess.
2225 217 2271 287 16

156 396 161 407 '
241 418 333 475 sem,
366 406 401 463 et
421 388 554 462 Filium
577 378 741 454 Doctoris
769 370 955 474 Stephani
969 373 1017 476 ²),
1057 378 1231 471 quiante
1278 377 1369 447 redii
1384 374 1655 467 Witebergam,
1681 378 1746 448 ubi
1765 377 1836 447 iam
1852 393 1987 449 cessant
2003 382 2181 473 contagia,
2208 391 2269 457 sed

241 520 354 567 annos
377 494 427 563 20
443 488 561 559 docuit
577 482 771 553 Ecclesiam
788 477 937 570 August,
990 478 1095 568 Quod
1115 494 1230 550 autem
1279 480 1362 571 quia
1378 479 1447 546 iam
1463 479 1554 548 bunt
1568 480 1753 565 inusitata,
1774 496 1888 565 antea,
1913 483 2018 574 quale
2031 508 2096 554 ver
2108 488 2269 559 futurum

242 600 280 669 in
296 591 495 667 Academiis
511 601 543 656 te
559 584 664 655 malle
681 583 801 651 vivere
816 582 995 670 intelligo,
1021 607 1095 650 non
1113 605 1230 673 repre·
1280 582 1344 659 sit,
1370 580 1665 650 considerandum
1685 583 1762 652 erit.
1796 581 1912 651 Velim
1930 583 2067 678 itaque,
2094 612 2168 657 non
2188 604 2272 660 anre

243 695 360 768 hendo
394 690 582 763 consilium
615 699 730 757 tuum.
797 678 1007 775 Optaudum
1043 697 1094 752 est
1126 682 1232 765 enim,
1281 705 1342 750 ver
1358 682 1449 751 mitti
1465 683 1509 748 ad
1528 706 1591 751 nos
1608 681 1754 754 Filium.
1806 683 1930 753 Postea
1946 686 1976 753 si
1992 688 2060 757 erit
2082 689 2270 763 salubritas

242 812 283 869 ut
312 795 446 865 sintin
471 788 672 863 Academiis
697 785 799 868 tales,
831 785 912 877 qui,
943 799 1114 877 quantum
1137 784 1233 854 Deus
1280 797 1313 852 et
1335 807 1421 874 pax,
1447 804 1568 873 spero,
1594 780 1804 853 Academiae
1824 786 1941 854 studia
1967 776 2062 859 Filio
2086 793 2271 881 profutura

243 897 424 981 coneedit,
458 895 575 962 sontes
614 886 795 957 doctrinae
831 885 973 969 norint,
1013 898 1048 955 et
1080 886 1232 955 refutare
1280 907 1366 954 esse.
1404 881 1494 953 Etsi
1511 886 1713 970 volueritis,
1737 886 1889 955 libenter
1905 911 1984 957 eum
2000 890 2037 957 in
2054 914 2147 961 meas
2166 894 2269 963 aedes

243 1021 380 1069 errores
398 996 554 1087 possint,
586 992 648 1085 qui
671 988 822 1058 subinde
848 1000 1060 1076 sparguntur
1085 1012 1104 1056 a
1129 1010 1232 1054 mon·
1281 985 1465 1075 recipiam,
1496 999 1536 1055 ut
1569 988 1730 1057 exercitia
1760 988 1843 1080 styli
1864 991 1957 1080 apud
1978 1016 2036 1059 me
2059 987 2205 1079 babeat,
2237 1010 2273 1069 et

244 1101 366 1171 strosis
391 1096 561 1185 ingeniis,
595 1106 654 1162 aut
678 1090 722 1158 ab
745 1085 887 1177 organis
908 1085 1063 1160 Diaboli.
1124 1087 1232 1155 Venit
1282 1089 1373 1175 apud
1400 1085 1610 1174 Magistrum
1633 1076 1843 1183 Casparnm
1868 1092 1906 1158 in
1934 1085 2166 1184 Philosophia
2188 1120 2271 1166 eru.

245 1202 282 1270 in
324 1193 523 1271 Marcbiam
564 1189 770 1262 Slancarus
810 1186 938 1274 Italus,
983 1192 1047 1283 qui
1089 1189 1234 1270 iactitat,
1282 1190 1409 1256 diatur.
1441 1177 1751 1283 christophorum
1767 1187 1882 1259 adhuc
1896 1216 2039 1263 manere
2054 1198 2147 1285 apud
2165 1194 2270 1271 Doce,

246 1326 282 1372 se
302 1312 475 1371 trecentos
499 1319 634 1366 errores
657 1291 837 1380 collegisse
859 1314 900 1358 ex
921 1291 1050 1361 nostris
1068 1289 1235 1361 editioni·
1283 1280 1577 1376 Schneidewin,
1603 1293 1729 1375 credo,
1754 1293 1787 1360 ei
1804 1293 1894 1362 utile
1911 1314 1995 1368 esse.
2047 1294 2100 1366 Ac
2116 1299 2216 1389 prius
2231 1301 2271 1371 in

245 1406 323 1476 bus.
360 1398 511 1471 Ebraice
527 1401 651 1467 doctus
668 1406 737 1477 est,
762 1386 810 1461 τὰ
825 1385 865 1465 δὲ
884 1390 976 1462 ἄλλα
991 1390 1076 1472 ὄνος
1091 1382 1234 1484 (ineati-
1283 1390 1415 1458 iudicio
1439 1389 1606 1461 Camerae'
1633 1394 1760 1462 vellem
1782 1416 1863 1462 eum
1887 1394 1993 1464 alicui
2016 1402 2271 1487 commendari,

246 1501 322 1592 ζων
336 1494 533 1596 μυστήρια.
579 1494 773 1566 Contendit
790 1491 871 1576 iam,
896 1488 1078 1562 Christum
1098 1508 1233 1560 tarnum
1283 1516 1387 1582 qnam
1410 1492 1571 1562 mittatur
1593 1495 1629 1561 in
1655 1494 1858 1585 peregrinas
1879 1508 2001 1565 terras.
2051 1495 2129 1568 Oro
2151 1516 2269 1572 autem

247 1604 439 1674 secundum
472 1614 634 1669 naturam
667 1591 857 1664 humanam
888 1616 960 1663 esse
994 1595 1234 1663 mediatorem.
1283 1591 1417 1677 Deum,
1443 1608 1483 1663 ut
1508 1589 1562 1661 his
1577 1593 1798 1684 Regionibus
1813 1620 1933 1689 pacem
1951 1599 2100 1681 tribuat,
2126 1616 2160 1672 et
2174 1605 2271 1674 salu-

247 1704 356 1776 Mitto
388 1703 569 1795 epistolam
598 1702 641 1766 de
665 1695 925 1773 intercessione.
993 1694 1089 1783 Quid
1113 1691 1234 1764 Bren-

247 1804 321 1875 lt'us
336 1806 379 1874 de
395 1799 551 1871 Balthica
569 1796 806 1869 controversia
820 1820 940 1865 recens
957 1798 999 1864 ad
1017 1822 1073 1863 rue
1087 1796 1235 1888 scripse·

247 1909 313 1989 rit,
339 1925 525 1994 cognosces
545 1926 584 1969 ex
602 1899 676 1968 eius
692 1870 857 1987 epistola,
885 1897 984 1966 cuius
1000 1898 1101 1966 vobis
1118 1922 1235 1965 exem-

248 2007 346 2099 plum
368 2006 470 2073 mitto
486 2000 526 2097 ³).
576 1999 714 2071 Recens
735 1997 875 2087 scripsit
897 2021 996 2068 meus
1021 2000 1129 2067 irater
1147 2000 1234 2065 vici-

248 2109 344 2178 niam
367 2118 507 2174 nostrae
529 2102 661 2191 patriae
684 2094 911 2191 tratiquillam
936 2122 1017 2187 esse.
1071 2099 1139 2169 Sed
1157 2115 1235 2191 post

248 2208 338 2278 illud
364 2221 500 2296 tempus
514 2201 596 2273 Dux
620 2192 944 2291 Witrtehergensis
960 2203 1145 2291 occuparit
1161 2198 1234 2269 El-

249 2331 426 2401 wangen,
457 2319 491 2374 et
514 2305 581 2372 alia
604 2302 772 2395 quaedam
793 2301 921 2391 oppida
943 2300 1130 2370 Teutonici
1153 2301 1234 2371 Ma-

248 2411 367 2501 gistri,
399 2420 440 2477 ut
459 2406 657 2477 nominant.
708 2400 902 2472 Saronicus
926 2404 1096 2472 exercitus
1119 2399 1234 2473 adhuc

247 2523 395 2600 vagatur
420 2509 458 2577 in
471 2504 661 2601 Lycaonia.
711 2493 874 2597 Carolus
890 2502 1084 2571 Metensem
1108 2506 1232 2573 urbem

248 2611 403 2693 obsidet,
440 2608 504 2678 ubi
537 2620 618 2676 ante
647 2628 803 2675 mensem
835 2597 1019 2674 Marclu'a
1050 2598 1234 2690 Albertus,

248 2724 432 2805 postquam
456 2697 492 2778 se
519 2733 597 2778 cum
620 2704 749 2777 Carolo
776 2707 1023 2785 coniunxerat,
1063 2708 1233 2776 mediocri

247 2812 381 2906 praelio
406 2811 523 2901 copias
547 2807 701 2878 Gallicas
724 2806 935 2897 profligavit.
1000 2806 1104 2874 Nunc
1135 2808 1234 2877 aiunt

249 2938 329 2983 eum
344 2911 532 2981 infeliciter
545 2930 727 3000 pugnasse.
768 2904 865 2975 Haec
880 2921 1015 2976 tantum
1030 2909 1233 2981 sciebamus.

246 3012 402 3105 Reliqua
426 3009 618 3080 Germania
646 3002 761 3076 adbuc
787 3005 929 3100 quidem
958 3008 1150 3099 tranquilla
1174 3020 1234 3076 est.

248 3113 345 3183 Deus
361 3136 426 3183 nos
440 3112 629 3200 gubernet,
653 3122 687 3177 et
704 3111 837 3192 doceat,
862 3121 897 3176 et
911 3108 1044 3177 tribuat
1059 3106 1234 3177 Ecclesiae

249 3231 283 3284 et
300 3212 405 3305 Reip.
419 3236 550 3301 pacem.
601 3207 699 3277 Bene
721 3210 799 3278 vale
824 3221 858 3278 et
878 3231 979 3298 saepe
1002 3210 1045 3277 ad
1068 3234 1134 3278 nos
1149 3212 1234 3278 scri-

249 3316 335 3385 bito.
394 3313 550 3384 Salutem
584 3324 667 3400 opto
702 3310 802 3380 vobis
835 3310 1020 3391 ominibus,
1054 3309 1098 3380 D.
1120 3310 1235 3380 Auri·

242 3414 379 3513 fabro,
400 3407 596 3502 Bordingo
614 3407 744 3501 hospiti
761 3424 844 3495 tuo,
869 3404 1052 3493 Berenio,
1072 3410 1234 3483 Andreae

248 3513 440 3597 Martiae,
470 3526 503 3582 et
529 3513 605 3580 aliis
629 3512 758 3583 amicis.
811 3509 879 3581 Die
901 3511 936 3580 4.
949 3512 1105 3583 Ianuarii
1125 3512 1234 3591 1553.

248 3617 356 3689 Mitto
375 3615 476 3686 vobis
492 3613 656 3704 pagellas.

988 3711 1185 3807 Philippus.

256 3927 360 3936 ——...·
371 3923 428 3932 -nae-
438 3925 472 3931 -—
483 3925 496 3930 ··
506 3920 708 3932 ι--ι-σ--ν--ΰ

260 4045 325 4118 No.
344 4044 454 4118 5511.

254 4142 462 4178 Q

786 4142 791 4149 .
927 4053 1004 4130 (fere
1021 4055 1039 4112 d
1058 4000 1099 4122 ·6.
1115 4048 1198 4133 latr.)

519 4230 589 4312 M.
621 4230 954 4342 Meienburgie.

347 4384 432 4459 epse.
449 4387 497 4441 ιῑι..
512 4385 545 4442 v.
564 4406 589 4457 p.
602 4388 654 4441 sss
667 4406 706 4458 sq.

250 4540 301 4611 M
309 4538 390 4617 ich.
418 4539 473 4612 M
475 4543 767 4638 eienbnrgio,
801 4538 962 4615 Consuli
978 4540 1236 4620 Northusano.

247 4675 295 4760 S·
324 4686 368 4761 D.
427 4686 683 4760 Honestissime
710 4692 782 4776 vir,
822 4707 853 4760 et
883 4693 991 4760 struice
1021 4688 1235 4762 charissime.

247 4786 325 4858 Oro
341 4789 471 4859 Filium
490 4790 577 4877 Dei,
604 4793 801 4863 Dominum
824 4807 982 4861 nostrum
1004 4793 1115 4863 lesum
1128 4791 1236 4864 Clui-
1285 4814 1475 4892 Nopgpg·
1541 4818 1544 4859 3
1606 4857 1610 4861 .
1668 4838 1704 4889 '3

247 4903 359 4975 stum,
392 4893 595 4963 crucifixum
624 4921 688 4988 pro
713 4896 834 4978 nobis,
860 4910 893 4964 et
909 4896 1170 4978 resuscitatum,
1185 4892 1238 4965 'ut

244 4994 369 5076 saciat,
395 5007 435 5061 ut
459 4989 517 5087 hie
540 5022 654 5067 arnms
677 4998 718 5065 sit
743 5000 877 5066 lectulus
899 4997 1029 5064 etselin
1044 4992 1234 5082 Ecclesiae,

246 5108 280 5162 et
295 5093 397 5163 robis
415 5108 446 5162 et
464 5098 586 5165 vestris
602 5101 778 5168 omatibus.
794 5104 797 5109 ’
823 5092 899 5188 Ego
914 5122 992 5165 cum
1011 5121 1088 5168 mea
1102 5099 1235 5168 familia

249 5224 487 5343 W,
515 5290 536 5327 s.
555 5270 748 5326 liastenbruer.
786 5284 789 5289 '

279 5353 306 5425 3)
326 5354 387 5410 Vid.
408 5376 490 5428 supra
509 5358 536 5411 d.
555 5355 580 5409 6.
602 5354 672 5412 Not.
694 5356 769 5412 1552

1284 1694 1369 1762 toria
1392 1695 1574 1782 regimina.
1625 1694 1715 1766 Nam
1739 1721 1830 1791 qnae
1847 1699 1981 1767 semina
1999 1700 2070 1770 sint
2086 1703 2272 1789 bellorum,

1284 1797 1454 1867 vidennrs.
1505 1795 1575 1865 Sed
1591 1794 1688 1867 Dens
1707 1800 1800 1868 inter
1826 1795 1890 1868 bos
1914 1801 2042 1870 fluctus
2058 1816 2175 1873 tamen
2189 1829 2272 1877 suos
2368 1887 2369 1890 Ἴ

1285 1912 1402 1966 coetus
1425 1899 1589 1971 servabit.
1641 1899 1749 1970 Mitto
1769 1900 1843 1969 snio
1867 1902 2031 1992 pagellas.
2088 1901 2185 1975 Bene
2208 1932 2271 1978 ra·

1285 1999 1361 2066 lete.
1411 1997 1679 2088 Lipsiae1555.
1731 2000 2047 2077 Meuselanuario.

2024 2101 2224 2199 Philippus.

1293 2306 2277 2328 —-·*-——·—-——-——W

1298 2433 1364 2504 No.
1387 2430 1498 2509 5512.

1290 2530 1502 2568 Μ

1537 2562 1544 2573 ”
1605 2603 1662 2688 Ε.
1691 2601 1945 2719 Schacpfio.

1354 2758 1439 2828 Epist.
1457 2760 1505 2814 lib.
1520 2758 1567 2812 lll.
1586 2777 1612 2828 p.
1627 2761 1686 2816 282.
1705 2763 1759 2831 (ed.
1776 2762 1863 2818 Lond.
1879 2765 1926 2821 lll.
1945 2787 1986 2840 ep.
2004 2768 2080 2840 tte).
2110 2840 2117 2849 ι

1965 2448 2012 2529 (d.
2030 2457 2064 2518 6.
2081 2452 2130 2512 rel
2145 2457 2176 2517 7.
2193 2450 2273 2535 len.)

1957 2547 2269 2590 Nm

1553 2913 1781 2989 Ertardo
1807 2917 2005 3021 Sneppio

1287 3054 1336 3143 S.
1361 3065 1406 3137 Ι).
1456 3063 1562 3135 Nulla
1587 3066 1624 3135 in
1637 3062 1746 3139 Coelo
1768 3082 1803 3138 et
1826 3070 1989 3141 interris
2012 3076 2193 3148 ardentior
2205 3105 2273 3151 vox

1287 3166 1407 3241 audita
1429 3178 1499 3252 est,
1531 3190 1638 3260 quam
1662 3170 1815 3260 precatio
1829 3170 1915 3242 Filii
1928 3170 1995 3243 Dei
2016 3175 2055 3247 in
2076 3178 2140 3249 illo
2158 3182 2274 3253 admi-

1287 3270 1399 3340 rando
1425 3290 1556 3357 agone,
1587 3270 1626 3338 in
1648 3295 1719 3362 qno
1741 3264 2024 3346 orat'aeternum
2048 3277 2208 3364 Patrem,
2234 3296 2275 3355 ut

1287 3368 1408 3454 faciat,
1447 3382 1490 3438 ut
1510 3392 1577 3439 nos
1598 3372 1771 3442 nnumin
1798 3372 1874 3466 ipso
1899 3377 2019 3450 simus.
2085 3378 2142 3452 Ad
2165 3378 2274 3455 huius

1288 3470 1416 3543 summi
1430 3468 1630 3543 Sacerdotis
1645 3474 1760 3545 nostri
1773 3476 2020 3566 precationem,
2046 3482 2117 3553 scio
2133 3497 2168 3554 te
2184 3508 2274 3579 quo-

1288 3596 1356 3667 que
1378 3587 1479 3657 vota,
1503 3574 1671 3663 gemitus,
1695 3589 1729 3645 et
1750 3570 1947 3672 lachrymas
1969 3593 2047 3652 tuas
2062 3584 2283 3677 adiungere,

1286 3674 1335 3745 Et
1350 3698 1450 3765 spero
1467 3698 1676 3745 consensum
1691 3675 1729 3744 in
1743 3668 1801 3744 his
1812 3670 1997 3767 Ecclesiis,
2022 3684 2099 3775 ipso
2117 3687 2191 3757 filio
2207 3688 2275 3761 Dei

1288 3777 1450 3859 iuvante,
1481 3800 1686 3847 mansurum
1707 3796 1791 3849 esse.
1849 3778 2133 3873 Responsiouem
2158 3814 2274 3860 meam

1288 3879 1332 3947 de
1354 3873 1678 3947 communicatione
1695 3872 1931 3971 ἰδιωμάτων,
1957 3889 2049 3958 etde
2063 3883 2274 3961 Medietore

1288 3980 1332 4053 ad
1346 3968 1606 4049 decretionem
1621 3972 1680 4070 *),
1710 3981 1815 4051 vobis
1837 3984 2008 4056 missurus
2025 4013 2124 4077 suro,
2149 4016 2275 4085 quam

1288 4080 1444 4170 primum
1465 4091 1582 4151 totam
1597 4080 1825 4172 descripsero.
1872 4082 1920 4157 Et
1935 4089 1979 4156 de
1995 4092 2094 4177 volo,
2120 4107 2160 4164 ut
2174 4090 2276 4165 ludi-

1288 4204 1361 4251 cem
1383 4180 1515 4269 legere3
1549 4183 1717 4272 praeterii
1733 4186 1926 4276 quaedam,
1949 4190 2140 4284 dequibus
2157 4208 2276 4265 tecum

1287 4294 1323 4352 et
1343 4304 1428 4357 eum,
1446 4281 1546 4366 aliis,
1577 4283 1725 4353 omnino
1743 4284 1815 4353 Deo
1838 4284 1982 4359 iuvante
2006 4294 2159 4388 colloqui
2180 4297 2275 4370 volo.

1288 4380 1377 4451 Viro
1398 4383 1628 4472 integerrimo
1650 4380 1697 4459 D.
1711 4378 1868 4476 Stigelio
1890 4392 2039 4477 gratiam
2059 4408 2094 4465 et
2111 4398 2223 4468 debeo
2240 4410 2277 4468 et

1287 4479 1420 4569 habeo,
1446 4485 1604 4577 quodad
1622 4507 1689 4554 nos
1702 4485 1856 4583 accesit.
1903 4489 2106 4572 benevale.

1297 4692 1440 4704 *σφω-υ-
1450 4694 1497 4707 -Ρ-
1511 4693 1631 4706 ιυ--ιιοα
1885 4700 2042 4713 ...νὴ
2108 4709 2125 4716 .-

2134 4835 2275 4905 li-lsn.

1518 4948 1773 5102 ‘lodohimo
1801 4958 2050 5082 Meosne
2134 4930 2273 4987 w»

1350 5118 1670 5282 Eqppfpp'nptqppp'si
1689 5106 1841 5215 'citimum
1860 5149 2126 5223 Beatissimorum
2150 5160 2202 5212 unt
2221 5158 2276 5215 ne

1289 4914 1459 4943 Μ
1535 4914 1564 4963 l.·
1583 4922 1591 4935 ¹

1293 5302 1501 5317 mmm-...—

1253 5354 1258 5373 ¹
1313 5359 1341 5424 ‘t
1362 5356 1423 5413 vsa.
1443 5357 1470 5416 a.
1488 5358 1512 5413 s.
1529 5357 1594 5413 on.
1613 5360 1638 5411 e.
1654 5375 1678 5410 ι.
