4776 6024
249 200 326 280 tot

252 397 462 468 pauperem,
495 372 534 439 in
556 370 615 440 die
635 369 730 439 mala
750 364 919 437 liberabit
945 386 1025 434 eum
1049 358 1238 431 Dominus.

250 475 344 549 Cum
371 475 480 563 igitur
511 472 640 541 eximia
673 471 718 540 sit
746 466 976 538 beneficentia
1012 459 1240 532 illustrissimi

251 576 429 666 Principis
457 568 643 642 Electoris
674 563 919 642 Marcttonis
948 580 983 637 et
1019 577 1133 634 vestra
1160 583 1241 651 erga

250 673 457 760 Sabinum,
495 675 558 768 qui
589 669 658 745 hoc
688 689 846 764 ternpore
873 670 950 739 siue
978 690 1040 738 sua
1071 667 1173 756 culpa
1202 664 1241 731 iu

245 778 486 848 calamitatem
514 775 658 847 incidit:
699 773 855 845 vicissim
881 769 977 840 Deus
1004 766 1241 836 illustrissimo

251 876 412 971 Principi
426 891 461 949 et
473 878 574 947 vobis
589 876 796 947 benefaciet.
846 868 893 942 Et
907 884 948 940 ut
963 871 1153 938 clementer
1168 889 1242 936 ser-

252 994 312 1052 vet
333 980 548 1051 incolumem
565 977 844 1049 illustrissimum
859 971 1083 1062 Principem,
1105 981 1140 1038 et
1160 991 1240 1037 eum

253 1082 443 1172 gnbemet,
467 1078 582 1151 Deum
604 1094 679 1151 toto
707 1091 847 1170 pectore
869 1098 946 1147 oro.
996 1066 1164 1142 Sabinus
1185 1091 1242 1139 re-

255 1206 337 1255 cens
359 1179 450 1252 mibi
471 1181 630 1274 scripsit,
653 1203 690 1250 se
717 1199 860 1272 prorsus
881 1185 1062 1267 expectare
1085 1171 1242 1245 exilium.

255 1278 315 1356 Ad
332 1307 397 1354 uos
418 1307 533 1374 nuper
548 1283 673 1353 missae
695 1295 779 1352 sunt
794 1276 1066 1348 deliberationes
1082 1271 1243 1344 Prussia-

256 1409 334 1470 cae,
359 1387 403 1455 de
420 1386 550 1478 quibus
564 1384 812 1476 responsiones
825 1390 964 1449 nostras
976 1376 1078 1447 vobis
1092 1375 1242 1447 mittam.

255 1485 477 1558 Commendo
492 1485 594 1555 vobis
611 1481 706 1556 laune
720 1475 883 1553 Paulum
901 1475 940 1551 U
942 1478 1102 1561 trinum,
1127 1476 1243 1546 virum

255 1582 463 1672 honestum,
495 1589 639 1658 doctum
665 1598 701 1656 ct
727 1582 930 1655 candidum.
990 1577 1098 1650 Mitto
1125 1577 1244 1669 pagel-

255 1689 327 1768 las.
359 1713 440 1760 meo
460 1710 572 1763 more.
626 1684 725 1758 Bene
748 1684 879 1770 valete,
908 1679 1055 1754 Calend.
1078 1677 1245 1765 Ianuarii,

259 1784 370 1865 1555.
483 1877 486 1882 ⁸

254 2177 324 2291 No.
342 2174 456 2253 6714.

566 2372 700 2488 casp.
722 2369 940 2485 Aquilae.

214 2547 216 2551 ’
320 2557 343 2622 ¹1*
358 2551 397 2609 Ex
411 2569 507 2626 apogr.
520 2548 550 2607 in
562 2549 625 2608 cod.
637 2548 723 2605 Paris.
740 2548 777 2605 D.
788 2546 820 2604 1.
834 2546 904 2604 511.

253 2722 471 2828 Caspnro
496 2723 719 2827 Aquilae,
742 2717 898 2796 Pastori
914 2715 1191 2795 EcclesineDei
1203 2718 1243 2791 in

571 2823 706 2927 oppido
723 2820 931 2898 Salveldia.

255 2985 304 3076 S.
328 2995 373 3071 D.
422 2995 634 3070 Reverendo
657 2992 714 3063 vir
736 3005 772 3063 ct
793 2990 971 3062 carissime
991 2990 1112 3064 frater.
1163 2987 1244 3062 Uti-

239 3125 339 3178 ¹uam
354 3121 429 3168 uon
444 3098 559 3168 solum
582 3119 646 3186 per
664 3095 783 3164 literas
803 3094 865 3163 sed
882 3116 1000 3163 coram
1015 3115 1117 3183 saepe
1132 3090 1243 3162 collo-

253 3201 317 3296 qui
334 3221 514 3292 possemus
531 3222 605 3268 nou
621 3198 665 3266 de
681 3193 778 3285 vulgi
798 3194 947 3279 tabulis,
971 3193 1033 3262 sed
1048 3194 1093 3262 de
1109 3193 1244 3282 gravis·

827 176 1266 268 ttrtsuotsuuu
1315 174 1534 256 muxn.
1586 169 1717 254 1555.

2161 341 2273 418 Μαι.

2147 436 2282 469 m

1303 345 1371 419 No·
1388 343 1504 423 5715.

1299 443 1511 484 Μ

1559 526 1710 612 Ionon.
1743 525 2025 615 Gnnserars‘o.

1360 683 1446 757 Epist.
1460 684 1492 741 ad
1506 684 1644 769 Cpmsrar.
1658 682 1760 769 pbbls
1779 723 1789 746 .
1809 681 1969 768 (ed.1.opsl.
1984 683 2034 742 lib.
2044 681 2091 741 lV.
2108 703 2153 758 ap.
2162 684 2290 755 bib).-

1396 757 1471 810 ⁰⁸“
1488 752 1839 878 t”2⁶:.;·t.¹.f⁸1¹ttt⁰·s‘.t⁶·
1856 752 2156 878 .¹.¹.¹.:;¹u‘.l.¹:.¹tt·.‘t‘
2173 753 2290 879 tulli

1394 833 1493 947 ι10551.ι
1504 911 1563 947 non
1586 891 1698 973 docui„
1715 891 1762 945 sed
1786 840 1855 946 cursil
1876 891 2035 947 &menno
2060 860 2232 975 Daumbuiqi
2257 892 2288 948 in

1396 960 1662 1111 {seratura
1679 960 1893 1111 tutata.
1907 969 2289 1098 assecutum

1398 1097 1481 1152 dubie
1499 1106 1608 1168 scripsit
1626 1096 1690 1153 Ian.
1712 1117 1730 1153 r.
1752 1115 1776 1152 e.
1794 1096 1980 1218 lanuariihet
1998 1098 2094 1153 scribit
2113 1097 2287 1166 Melanthea,

1396 1166 1699 1232 schoenemann,
1730 1173 1761 1219 ut
1777 1163 1896 1233 solebat,
1943 1163 2036 1236 'psism
2057 1185 2115 1221 esse
2134 1177 2289 1222 recusarunt.

1261 1258 1264 1266 ·
1400 1232 1537 1288 Iudicium
1556 1232 1736 1288 Nortbcssnis
1753 1233 1886 1305 scriptum
1904 1232 1999 1287 datum
2016 1244 2056 1290 est
2074 1235 2103 1291 d.
2122 1238 2162 1292 12.
2170 1232 2289 1291 Ianuarii

1400 1303 1479 1358 1555.
1514 1299 1694 1374 idruntum
1704 1313 1808 1372 sutem,
1827 1300 1928 1372 dequo
1944 1304 1970 1356 lo
1992 1304 2082 1370 uitur,
2098 1314 2140 1359 est
2153 1302 2289 1360 indiciam

1400 1372 1439 1426 ad
1455 1370 1545 1427 aulam
1563 1374 1678 1426 misam
1695 1370 1730 1427 tc
1747 1378 1886 1428 coaventu
1905 1322 2111 1446 Tbedioqocum
2131 1372 2237 1429 fulmo.

1296 1518 1525 1601 Clarissimo
1542 1525 1619 1598 viro
1643 1521 1845 1598 eruditione
1867 1535 1900 1598 et
1925 1525 2055 1600 uirtute
2075 1531 2292 1627 praestanti

1333 1625 1493 1708 leuch.
1518 1624 1790 1702 Camerario
1804 1627 1933 1728 fratri
1953 1653 2022 1701 suo
2043 1627 2250 1720 carissimo,
2329 1712 2330 1716 Ἰ

1297 1765 1345 1856 S.
1371 1783 1420 1855 D.
1471 1776 1550 1852 Etsi
1569 1802 1645 1850 non
1667 1778 1745 1851 siue
1765 1779 1900 1870 gemitu
1924 1802 1945 1850 a
1968 1779 2069 1853 cuuis
2091 1781 2289 1873 infantulae

1299 1907 1394 1953 meae
1417 1881 1579 1967 discedo,
1603 1896 1722 1952 tamen
1744 1883 1789 1952 ad
1804 1895 1838 1952 te
1852 1882 2006 1953 libenter
2020 1883 2215 1975 expatiatus
2230 1909 2290 1956 es-

1297 2009 1381 2059 sem.
1421 1982 1492 2054 Sed
1506 2008 1562 2052 me
1578 2007 1658 2053 cum
1671 1983 1740 2053 alia
1753 1984 1896 2074 negocia
1912 1983 2086 2069 retinent,
2111 1996 2187 2056 tum
2200 2011 2287 2058 vero

1299 2100 1333 2157 et
1346 2077 1616 2158 Northusnnne
1632 2085 1912 2171 coutroversiae,
1934 2087 2126 2182 dequibus
2146 2089 2288 2161 senatui

1223 2226 1232 2242 ·
1298 2183 1406 2258 hodie
1418 2189 1632 2278 respondere
1646 2185 1815 2279 cogimur.
1867 2184 1906 2259 Si
1922 2187 2011 2283 quid
2024 2188 2145 2259 audies
2159 2188 2204 2258 de
2226 2189 2287 2260 iu-

1298 2289 1399 2359 diciis
1423 2288 1547 2358 aulicis
1575 2281 1657 2384 περὶ
1680 2291 1750 2360 τοῦ
1776 2307 1849 2388 συγ
1875 2279 2070 2382 pinnatos
2091 2283 2285 2387 ἡμετέρου,

1298 2415 1427 2485 quaeso
1449 2390 1634 2481 significes.
1684 2386 1776 2460 Nam
1799 2311 1892 2458 mibi
1912 2390 2074 2460 nondum
2090 2391 2288 2512 quidquam

1298 2491 1531 2582 significatum
1547 2504 1610 2562 est.
1658 2484 1708 2560 Et
1725 2490 1879 2561 arbitror
1894 2487 2041 2588 σαπρὸν
2057 2515 2213 2586 ταριχον
2231 2494 2288 2563 vi-

1297 2595 1373 2663 deri
1392 2593 1589 2666 nonnullis.
1637 2591 1850 2687 Quanquam
1867 2606 1984 2662 autem
2007 2605 2042 2663 et
2062 2593 2195 2666 iudicia
2212 2596 2287 2665 clis-

1296 2695 1427 2765 similia
1449 2707 1533 2766 sunt
1548 2689 1756 2779 hominurn,
1781 2686 2022 2765 et'dissimiles
2036 2695 2238 2768 voluntates
2251 2711 2288 2770 ct

1297 2820 1393 2889 spes,
1424 2811 1458 2867 et
1481 2797 1611 2888 passim
1635 2794 1757 2884 magni
1784 2795 1923 2867 furores
1948 2795 2135 2883 oriuntur,
2167 2810 2287 2869 tamea

1297 2899 1385 2992 quid
1405 2898 1518 2967 facere
1542 2898 1637 2968 aliud
1660 2919 1866 2987 possumus,
1891 2920 1998 2991 quam
2020 2900 2115 2991 quod
2140 2898 2288 2990 agimus,

1295 3014 1335 3071 ut
1349 3022 1469 3070 rerum
1483 2999 1626 3070 utilium
1641 3010 1734 3068 extet
1750 2998 1934 3092 explicatio
1951 2997 2101 3092 simplex
2113 3013 2149 3071 et
2163 3004 2287 3071 mode-

1296 3113 1389 3185 rata,
1413 3112 1448 3169 et
1471 3093 1597 3170 harum
1616 3096 1855 3171 Ecclesiamm
1880 3113 2044 3170 tueamur
2061 3125 2287 3188 consensum,

1295 3205 1362 3273 deo
1380 3201 1535 3271 iuvante.
1568 3199 1640 3274 Sed
1656 3210 1734 3271 tuas
1746 3201 1881 3277 litteras
1895 3213 2052 3294 expecto.
2082 3199 2180 3273 Bene
2194 3203 2284 3274 vale.

253 3300 354 3374 simis
370 3300 551 3372 doctrinae
566 3298 752 3391 capitibus.
802 3292 910 3368 Utilis
926 3309 978 3366 est
990 3295 1084 3364 enim
1101 3294 1242 3364 collatio
1294 3300 1371 3377 Cal,
1391 3302 1498 3372 lunii.
1527 3296 1740 3402 [Ianuarii]

254 3403 509 3495 cogitationum
541 3414 577 3471 et
609 3401 656 3469 ad
689 3395 926 3469 eruditionem
953 3411 1112 3466 mutuam
1140 3397 1242 3467 etad

254 3505 546 3579 consolationem.
584 3499 652 3572 Dei
667 3499 836 3571 beneficio
851 3493 968 3568 adhuc
985 3519 1175 3567 consensus
1192 3511 1241 3567 est

252 3606 527 3679 Academiarum
546 3603 586 3673 in
601 3597 658 3672 his
680 3599 885 3691 regionibus
901 3597 1082 3684 omnium,
1108 3597 1242 3670 Rosto-

253 3702 412 3792 chianae,
429 3707 551 3800 inquo
567 3703 753 3775 mediocris
767 3700 965 3795 frequentia
980 3713 1041 3785 est,
1066 3693 1240 3792 Gripbes-
1294 3740 1361 3816 No·
1371 3737 1486 3816 5710·

255 3808 468 3895 waldensis,
493 3804 835 3891 Francolordianae,
857 3800 1017 3892 Lipsicae
1037 3815 1073 3872 et
1089 3815 1241 3876 nostrae.
1301 3834 1473 3869 uu-

254 3906 299 3983 ln
312 3909 598 4002 Regiomontana
616 3905 801 3976 nobiscum
823 3902 982 3975 sentiunt
998 3901 1102 3971 etiam
1118 3904 1242 3973 docto-

254 4036 309 4083 res
329 4007 469 4083 bonesti
490 4023 523 4080 et
552 4004 701 4086 eruditi.
732 4007 794 4076 sed
816 4002 1078 4075 tumultuantur
1095 4004 1240 4097 quidam

253 4107 413 4187 Funccii
428 4125 660 4203 compotores.
710 4103 789 4179 Oro
805 4121 921 4178 autem
936 4117 1069 4188 tecum,
1094 4117 1134 4175 ut
1149 4105 1242 4174 filius

253 4210 323 4288 Dei
335 4228 494 4308 protegat
508 4210 572 4282 has
588 4210 763 4283 Ecclesiae
783 4222 818 4279 et
834 4230 900 4279 uos
916 4207 1107 4296 gubernet,
1133 4221 1167 4275 et
1188 4207 1241 4275 la-

255 4317 343 4399 ciat,
368 4329 409 4387 ut
423 4313 536 4386 unum
553 4315 663 4384 simus
679 4313 820 4403 inipso.
871 4308 978 4379 Mitto
995 4305 1062 4377 tibi
1079 4309 1242 4398 pagellas,

255 4432 292 4491 et
311 4418 518 4510 inscriptam
547 4415 773 4501 integerrimo
800 4412 896 4498 viro,
930 4401 1102 4480 Iohanni
1122 4403 1242 4480 Rein·

254 4512 367 4605 told,
395 4514 572 4589 exhibeto.
620 4513 710 4586 Heri
735 4539 872 4585 mecum
896 4513 963 4584 fuit
986 4507 1176 4582 Erasmus
1192 4506 1242 4608 ⁴¹),

255 4623 319 4714 qui
345 4623 501 4692 modeste
533 4617 682 4687 civitat
713 4629 860 4706 paterno
892 4614 1010 4687 audio
1037 4614 1241 4688 delectatur.

252 4721 352 4796 Bene
365 4737 398 4797 et
412 4721 561 4796 leliciter
575 4718 663 4791 vale.
712 4715 789 4791 Cal.
804 4715 961 4790 Ianuarii
978 4711 1088 4788 1656.

931 4829 1131 4927 Philippus.

255 4977 476 4999 Μ

287 5139 316 5206 η
335 5132 423 5190 ntra·
439 5129 546 5189 namt
563 5127 710 5186 nemra
730 5121 925 5183 servaras»

1898 3397 2031 3500 Philip.
2055 3398 2230 3476 Melanth.
2264 3466 2269 3475 .

2155 3757 2190 3820 6·
2205 3742 2274 3814 lan.

2143 3835 2285 3876 Q

1632 3921 1701 4010 Io.
1731 3920 1942 4044 Stipetio.

1361 4079 1432 4155 Epp.
1446 4079 1480 4136 ad
1493 4079 1588 4154 Stiqsl.
1599 4099 1643 4155 ep.
1655 4080 1697 4144 80.
1733 4077 1804 4137 cot
1819 4078 1903 4139 Gelb-
1912 4079 1973 4139 155.
1984 4099 2027 4157 ep.
2043 4079 2103 4141 149.

1293 4232 1518 4311 Clarissimo
1546 4234 1644 4324 uiro,
1668 4234 1855 4340 felicitate
1886 4235 2048 4336 ingenii,
2081 4235 2286 4314 eruditioni

1293 4351 1325 4412 et
1351 4341 1480 4411 uirtute
1499 4341 1727 4439 praestanti,
1767 4336 1824 4413 D.
1849 4336 2032 4415 Ioanni
2056 4337 2286 4438 Stigelio’,

1291 4449 1348 4544 τῷ
1380 4444 1478 4543 θεῷ,
1513 4439 1578 4519 καὶ
1603 4445 1685 4524 ταῖς
1713 4436 1913 4532 Μούσαις,
1945 4437 2130 4542 φιλτάτῳ,
2156 4443 2288 4545 fratri

1584 4567 1654 4616 suo
1675 4542 1886 4630 carissimo,
1912 4543 1950 4618 S.
1975 4542 2020 4619 D.

1294 4678 1503 4769 Clarissima
1527 4695 1583 4763 vir
1604 4707 1639 4764 et
1660 4695 1778 4769 cariss.
1799 4695 1918 4764 scater.
1969 4686 2048 4766 Oro
2072 4694 2187 4768 filium
2202 4692 2280 4782 Dei.

1293 4809 1333 4866 ut
1346 4796 1469 4882 iaciat,
1497 4811 1535 4868 ut
1549 4791 1607 4866 hic
1622 4796 1768 4867 veniens
1787 4819 1903 4866 annus
1922 4795 1969 4887 sit
1989 4795 2176 4883 lanatuset
2196 4798 2282 4870 felix

1294 4896 1378 4984 tibi,
1411 4911 1446 4970 et
1466 4895 1646 4970 Ecclesiae
1672 4911 1754 4971 tuae
1778 4897 2008 4984 domesticae,
2036 4913 2071 4969 et
2096 4896 2283 4971 universas

1292 4995 1489 5094 Ecclesiae,
1514 5000 1573 5071 cui
1597 5024 1673 5071 non
1695 5011 1835 5071 tantum
1859 4998 2020 5090 proxima
2039 4996 2286 5094 EclipsisLu·

1294 5093 1426 5194 aad),
1450 5103 1636 5174 sedetiam
1659 5097 1849 5174 bominum
1864 5100 2003 5178 furores
2025 5124 2138 5175 noras
2156 5103 2287 5189 souin

1291 5251 1515 5274 ...u—sunnenn-

1252 5428 1256 5435 υ
1327 5292 1660 5410 &mmcd-155⁴.
