<?xml version="1.0" encoding="UTF-8"?>
<!DOCTYPE html PUBLIC "-//W3C//DTD XHTML 1.0 Transitional//EN"
    "http://www.w3.org/TR/xhtml1/DTD/xhtml1-transitional.dtd">
<html xmlns="http://www.w3.org/1999/xhtml" xml:lang="en" lang="en">
 <head>
  <title>
</title>
<meta http-equiv="Content-Type" content="text/html;charset=utf-8" />
  <meta name='ocr-system' content='tesseract 3.04.00' />
  <meta name='ocr-capabilities' content='ocr_page ocr_carea ocr_par ocr_line ocrx_word'/>
</head>
<body>
  <div class='ocr_page' id='page_1' title='image "./philippimelanth09melagoog/philippimelanth09melagoog_0222.png"; bbox 0 0 4776 6024; ppageno 0'>
   <div class='ocr_carea' id='block_1_1' title="bbox 239 118 2273 223">
    <p class='ocr_par' dir='ltr' id='par_1_1' title="bbox 239 118 2273 223">
     <span class='ocr_line' id='line_1_1' title="bbox 239 118 2273 223; baseline -0.005 -1"><span class='ocrx_word' id='word_1_1' title='bbox 239 147 314 223; x_wconf 80' lang='lat' dir='ltr'><strong>sos</strong></span> <span class='ocrx_word' id='word_1_2' title='bbox 779 127 1247 216; x_wconf 71' lang='lat' dir='ltr'><strong>aetsuoeauttu</strong></span> <span class='ocrx_word' id='word_1_3' title='bbox 1297 126 1518 210; x_wconf 74' lang='lat' dir='ltr'><strong>maxa.</strong></span> <span class='ocrx_word' id='word_1_4' title='bbox 1570 127 1704 211; x_wconf 81' lang='lat' dir='ltr'><strong>sess.</strong></span> <span class='ocrx_word' id='word_1_5' title='bbox 2037 196 2042 204; x_wconf 92' lang='lat'><strong>.</strong></span> <span class='ocrx_word' id='word_1_6' title='bbox 2194 118 2273 211; x_wconf 83' lang='lat' dir='ltr'><strong>trs</strong></span> 
     </span>
    </p>
   </div>
   <div class='ocr_carea' id='block_1_2' title="bbox 245 296 2274 2212">
    <p class='ocr_par' dir='ltr' id='par_1_2' title="bbox 245 296 2272 394">
     <span class='ocr_line' id='line_1_2' title="bbox 245 296 2272 394; baseline -0.005 -6"><span class='ocrx_word' id='word_1_7' title='bbox 245 315 474 388; x_wconf 74' lang='lat' dir='ltr'><strong>inferioribus</strong></span> <span class='ocrx_word' id='word_1_8' title='bbox 486 308 629 384; x_wconf 87' lang='lat' dir='ltr'><strong>scholis.</strong></span> <span class='ocrx_word' id='word_1_9' title='bbox 677 306 776 380; x_wconf 87' lang='lat' dir='ltr'><strong>Bene</strong></span> <span class='ocrx_word' id='word_1_10' title='bbox 791 321 826 381; x_wconf 88' lang='lat' dir='ltr'><strong>et</strong></span> <span class='ocrx_word' id='word_1_11' title='bbox 839 308 989 381; x_wconf 78' lang='lat' dir='ltr'><strong>feliciter</strong></span> <span class='ocrx_word' id='word_1_12' title='bbox 1004 308 1084 378; x_wconf 89' lang='lat' dir='ltr'><strong>vale</strong></span> <span class='ocrx_word' id='word_1_13' title='bbox 1099 300 1235 379; x_wconf 85' lang='lat' dir='ltr'><strong>charis·</strong></span> <span class='ocrx_word' id='word_1_14' title='bbox 1284 297 1364 374; x_wconf 84' lang='lat' dir='ltr'><strong>Dei</strong></span> <span class='ocrx_word' id='word_1_15' title='bbox 1374 309 1436 373; x_wconf 86' lang='lat' dir='ltr'><strong>est.</strong></span> <span class='ocrx_word' id='word_1_16' title='bbox 1469 301 1552 373; x_wconf 88' lang='lat' dir='ltr'><strong>Non</strong></span> <span class='ocrx_word' id='word_1_17' title='bbox 1568 303 1675 394; x_wconf 77' lang='lat' dir='ltr'><strong>igitur</strong></span> <span class='ocrx_word' id='word_1_18' title='bbox 1689 299 1856 377; x_wconf 78' lang='lat' dir='ltr'><strong>humenis</strong></span> <span class='ocrx_word' id='word_1_19' title='bbox 1870 301 2029 375; x_wconf 70' lang='lat' dir='ltr'><strong>coodliis</strong></span> <span class='ocrx_word' id='word_1_20' title='bbox 2045 296 2272 379; x_wconf 77' lang='lat' dir='ltr'><strong>Germaniae</strong></span> 
     </span>
    </p>

    <p class='ocr_par' dir='ltr' id='par_1_3' title="bbox 245 403 2273 503">
     <span class='ocr_line' id='line_1_3' title="bbox 245 403 2273 503; baseline -0.006 -13"><span class='ocrx_word' id='word_1_21' title='bbox 245 420 333 490; x_wconf 86' lang='lat' dir='ltr'><strong>sime</strong></span> <span class='ocrx_word' id='word_1_22' title='bbox 347 417 467 486; x_wconf 81' lang='lat' dir='ltr'><strong>frater.</strong></span> <span class='ocrx_word' id='word_1_23' title='bbox 517 410 584 483; x_wconf 89' lang='lat' dir='ltr'><strong>Die</strong></span> <span class='ocrx_word' id='word_1_24' title='bbox 599 406 783 503; x_wconf 73' lang='lat' dir='ltr'><strong>Stephani.</strong></span> <span class='ocrx_word' id='word_1_25' title='bbox 1285 403 1525 496; x_wconf 84' lang='lat' dir='ltr'><strong>tranquillitas</strong></span> <span class='ocrx_word' id='word_1_26' title='bbox 1544 404 1683 475; x_wconf 90' lang='lat' dir='ltr'><strong>restitui</strong></span> <span class='ocrx_word' id='word_1_27' title='bbox 1706 418 1831 496; x_wconf 84' lang='lat' dir='ltr'><strong>potest.</strong></span> <span class='ocrx_word' id='word_1_28' title='bbox 1887 403 1990 477; x_wconf 89' lang='lat' dir='ltr'><strong>Tuae</strong></span> <span class='ocrx_word' id='word_1_29' title='bbox 2013 406 2136 478; x_wconf 87' lang='lat' dir='ltr'><strong>literae</strong></span> <span class='ocrx_word' id='word_1_30' title='bbox 2153 430 2273 500; x_wconf 82' lang='lat' dir='ltr'>nuper</span> 
     </span>
    </p>

    <p class='ocr_par' dir='ltr' id='par_1_4' title="bbox 1284 502 2273 596">
     <span class='ocr_line' id='line_1_4' title="bbox 1284 502 2273 596; baseline 0.007 -22"><span class='ocrx_word' id='word_1_31' title='bbox 1284 527 1382 595; x_wconf 86' lang='lat' dir='ltr'><strong>spem</strong></span> <span class='ocrx_word' id='word_1_32' title='bbox 1423 506 1519 596; x_wconf 91' lang='lat' dir='ltr'><strong>pacis</strong></span> <span class='ocrx_word' id='word_1_33' title='bbox 1557 507 1807 586; x_wconf 76' lang='lat' dir='ltr'><strong>ostendebant,</strong></span> <span class='ocrx_word' id='word_1_34' title='bbox 1847 507 1908 576; x_wconf 92' lang='lat' dir='ltr'><strong>sed</strong></span> <span class='ocrx_word' id='word_1_35' title='bbox 1950 530 2066 578; x_wconf 89' lang='lat' dir='ltr'><strong>comes</strong></span> <span class='ocrx_word' id='word_1_36' title='bbox 2097 502 2273 581; x_wconf 68' lang='lat' dir='ltr'><strong>Albanus</strong></span> 
     </span>
    </p>

    <p class='ocr_par' dir='ltr' id='par_1_5' title="bbox 1286 597 2274 702">
     <span class='ocr_line' id='line_1_5' title="bbox 1286 597 2274 702; baseline 0.01 -28"><span class='ocrx_word' id='word_1_37' title='bbox 1286 597 1591 702; x_wconf 77' lang='lat' dir='ltr'><strong>Maasjeldeasis</strong></span> <span class='ocrx_word' id='word_1_38' title='bbox 1613 630 1776 677; x_wconf 89' lang='lat' dir='ltr'><strong>excussus</strong></span> <span class='ocrx_word' id='word_1_39' title='bbox 1801 630 1843 676; x_wconf 84' lang='lat' dir='ltr'><strong>ex</strong></span> <span class='ocrx_word' id='word_1_40' title='bbox 1865 607 1996 696; x_wconf 85' lang='lat' dir='ltr'><strong>patria,</strong></span> <span class='ocrx_word' id='word_1_41' title='bbox 2031 611 2274 702; x_wconf 85' lang='lat' dir='ltr'><strong>recuperatio-</strong></span> 
     </span>
    </p>

    <p class='ocr_par' dir='ltr' id='par_1_6' title="bbox 1286 700 2273 801">
     <span class='ocr_line' id='line_1_6' title="bbox 1286 700 2273 801; baseline 0.007 -24"><span class='ocrx_word' id='word_1_42' title='bbox 1286 730 1369 777; x_wconf 89' lang='lat' dir='ltr'><strong>nem</strong></span> <span class='ocrx_word' id='word_1_43' title='bbox 1388 707 1546 783; x_wconf 85' lang='lat' dir='ltr'><strong>molitur.</strong></span> <span class='ocrx_word' id='word_1_44' title='bbox 1595 706 1763 798; x_wconf 83' lang='lat' dir='ltr'><strong>Legimus</strong></span> <span class='ocrx_word' id='word_1_45' title='bbox 1780 700 2008 801; x_wconf 76' lang='lat' dir='ltr'><strong>Antigonam</strong></span> <span class='ocrx_word' id='word_1_46' title='bbox 2027 732 2141 782; x_wconf 89' lang='lat' dir='ltr'><strong>annos</strong></span> <span class='ocrx_word' id='word_1_47' title='bbox 2156 736 2273 784; x_wconf 89' lang='lat' dir='ltr'><strong>unum</strong></span> 
     </span>
    </p>

    <p class='ocr_par' dir='ltr' id='par_1_7' title="bbox 250 807 2273 900">
     <span class='ocr_line' id='line_1_7' title="bbox 250 807 2273 900; baseline 0.008 -32"><span class='ocrx_word' id='word_1_48' title='bbox 250 815 318 890; x_wconf 66' lang='lat' dir='ltr'><strong>No,</strong></span> <span class='ocrx_word' id='word_1_49' title='bbox 331 813 446 892; x_wconf 77' lang='lat'><strong>5704,</strong></span> <span class='ocrx_word' id='word_1_50' title='bbox 1059 822 1119 885; x_wconf 75' lang='lat'><strong>26.</strong></span> <span class='ocrx_word' id='word_1_51' title='bbox 1133 809 1210 876; x_wconf 79' lang='lat' dir='ltr'><strong>Dee.</strong></span> <span class='ocrx_word' id='word_1_52' title='bbox 1287 820 1323 877; x_wconf 89' lang='lat' dir='ltr'><strong>et</strong></span> <span class='ocrx_word' id='word_1_53' title='bbox 1343 807 1519 898; x_wconf 80' lang='lat' dir='ltr'><strong>octoginta</strong></span> <span class='ocrx_word' id='word_1_54' title='bbox 1544 830 1719 900; x_wconf 77' lang='lat' dir='ltr'><strong>egressum</strong></span> <span class='ocrx_word' id='word_1_55' title='bbox 1736 832 1829 893; x_wconf 90' lang='lat' dir='ltr'><strong>esse,</strong></span> <span class='ocrx_word' id='word_1_56' title='bbox 1854 833 1935 879; x_wconf 89' lang='lat' dir='ltr'><strong>curn</strong></span> <span class='ocrx_word' id='word_1_57' title='bbox 1953 809 1992 879; x_wconf 90' lang='lat' dir='ltr'><strong>in</strong></span> <span class='ocrx_word' id='word_1_58' title='bbox 2006 811 2080 880; x_wconf 89' lang='lat' dir='ltr'><strong>acie</strong></span> <span class='ocrx_word' id='word_1_59' title='bbox 2097 812 2273 884; x_wconf 84' lang='lat' dir='ltr'><strong>dimicans</strong></span> 
     </span>
    </p>

    <p class='ocr_par' dir='ltr' id='par_1_8' title="bbox 253 901 2272 1007">
     <span class='ocr_line' id='line_1_8' title="bbox 253 901 2272 1007; baseline 0.01 -42"><span class='ocrx_word' id='word_1_60' title='bbox 253 912 457 949; x_wconf 52' lang='lat'><strong>“³⁵-</strong></span> <span class='ocrx_word' id='word_1_61' title='bbox 1059 901 1231 934; x_wconf 48' lang='lat' dir='ltr'><strong>“‘v</strong></span> <span class='ocrx_word' id='word_1_62' title='bbox 1287 909 1403 1000; x_wconf 85' lang='lat' dir='ltr'><strong>periit.</strong></span> <span class='ocrx_word' id='word_1_63' title='bbox 1452 907 1566 981; x_wconf 85' lang='lat' dir='ltr'><strong>Periit</strong></span> <span class='ocrx_word' id='word_1_64' title='bbox 1585 909 1624 978; x_wconf 92' lang='lat' dir='ltr'><strong>in</strong></span> <span class='ocrx_word' id='word_1_65' title='bbox 1646 909 1721 980; x_wconf 89' lang='lat' dir='ltr'><strong>acie</strong></span> <span class='ocrx_word' id='word_1_66' title='bbox 1742 924 1775 980; x_wconf 92' lang='lat' dir='ltr'><strong>et</strong></span> <span class='ocrx_word' id='word_1_67' title='bbox 1788 903 2043 1004; x_wconf 76' lang='lat' dir='ltr'><strong>Lysimachus</strong></span> <span class='ocrx_word' id='word_1_68' title='bbox 2059 913 2272 1007; x_wconf 78' lang='lat' dir='ltr'><strong>octogesimo</strong></span> 
     </span>
    </p>

    <p class='ocr_par' dir='ltr' id='par_1_9' title="bbox 514 1005 2272 1119">
     <span class='ocr_line' id='line_1_9' title="bbox 514 1005 2272 1119; baseline 0.009 -49"><span class='ocrx_word' id='word_1_69' title='bbox 514 1009 578 1100; x_wconf 54' lang='lat' dir='ltr'><strong>A·</strong></span> <span class='ocrx_word' id='word_1_70' title='bbox 606 1009 973 1119; x_wconf 54' lang='lat' dir='ltr'><strong>Hardpnbergim</strong></span> <span class='ocrx_word' id='word_1_71' title='bbox 1288 1009 1410 1079; x_wconf 87' lang='lat' dir='ltr'><strong>aetatis</strong></span> <span class='ocrx_word' id='word_1_72' title='bbox 1443 1033 1555 1089; x_wconf 91' lang='lat' dir='ltr'><strong>auno,</strong></span> <span class='ocrx_word' id='word_1_73' title='bbox 1594 1023 1714 1101; x_wconf 87' lang='lat' dir='ltr'><strong>postea</strong></span> <span class='ocrx_word' id='word_1_74' title='bbox 1739 1005 1930 1099; x_wconf 80' lang='lat' dir='ltr'><strong>Seleucus,</strong></span> <span class='ocrx_word' id='word_1_75' title='bbox 1968 1035 2127 1104; x_wconf 75' lang='lat' dir='ltr'><strong>egressm</strong></span> <span class='ocrx_word' id='word_1_76' title='bbox 2159 1038 2272 1085; x_wconf 90' lang='lat' dir='ltr'><strong>anuos</strong></span> 
     </span>
    </p>

    <p class='ocr_par' dir='ltr' id='par_1_10' title="bbox 1289 1107 2272 1206">
     <span class='ocr_line' id='line_1_10' title="bbox 1289 1107 2272 1206; baseline 0.01 -28"><span class='ocrx_word' id='word_1_77' title='bbox 1289 1125 1420 1201; x_wconf 90' lang='lat' dir='ltr'><strong>septem</strong></span> <span class='ocrx_word' id='word_1_78' title='bbox 1436 1124 1471 1181; x_wconf 90' lang='lat' dir='ltr'><strong>et</strong></span> <span class='ocrx_word' id='word_1_79' title='bbox 1484 1111 1715 1201; x_wconf 78' lang='lat' dir='ltr'><strong>septuaginta.</strong></span> <span class='ocrx_word' id='word_1_80' title='bbox 1762 1111 1813 1181; x_wconf 85' lang='lat' dir='ltr'><strong>lta</strong></span> <span class='ocrx_word' id='word_1_81' title='bbox 1829 1107 1889 1182; x_wconf 88' lang='lat' dir='ltr'><strong>hie</strong></span> <span class='ocrx_word' id='word_1_82' title='bbox 1903 1136 2008 1184; x_wconf 82' lang='lat' dir='ltr'><strong>senex</strong></span> <span class='ocrx_word' id='word_1_83' title='bbox 2023 1139 2142 1186; x_wconf 89' lang='lat' dir='ltr'><strong>comes</strong></span> <span class='ocrx_word' id='word_1_84' title='bbox 2156 1138 2272 1206; x_wconf 77' lang='lat' dir='ltr'><strong>egres-</strong></span> 
     </span>
    </p>

    <p class='ocr_par' dir='ltr' id='par_1_11' title="bbox 319 1201 2273 1304">
     <span class='ocr_line' id='line_1_11' title="bbox 319 1201 2273 1304; baseline 0.005 -26"><span class='ocrx_word' id='word_1_85' title='bbox 319 1206 390 1278; x_wconf 77' lang='lat' dir='ltr'><strong>Eee·</strong></span> <span class='ocrx_word' id='word_1_86' title='bbox 402 1205 437 1264; x_wconf 63' lang='grc' dir='ltr'><strong>»ἃ</strong></span> <span class='ocrx_word' id='word_1_87' title='bbox 452 1204 637 1278; x_wconf 62' lang='lat' dir='ltr'><strong>natatem.</strong></span> <span class='ocrx_word' id='word_1_88' title='bbox 653 1221 698 1280; x_wconf 60' lang='lat' dir='ltr'><strong>tt·</strong></span> <span class='ocrx_word' id='word_1_89' title='bbox 708 1201 754 1260; x_wconf 75' lang='lat'><strong>⁶²·</strong></span> <span class='ocrx_word' id='word_1_90' title='bbox 1287 1232 1347 1280; x_wconf 88' lang='lat' dir='ltr'><strong>sus</strong></span> <span class='ocrx_word' id='word_1_91' title='bbox 1361 1234 1495 1280; x_wconf 88' lang='lat' dir='ltr'><strong>aunum</strong></span> <span class='ocrx_word' id='word_1_92' title='bbox 1508 1211 1658 1282; x_wconf 87' lang='lat' dir='ltr'><strong>alterum</strong></span> <span class='ocrx_word' id='word_1_93' title='bbox 1672 1227 1706 1284; x_wconf 89' lang='lat' dir='ltr'><strong>et</strong></span> <span class='ocrx_word' id='word_1_94' title='bbox 1721 1214 2034 1304; x_wconf 80' lang='lat' dir='ltr'><strong>septuagesimum,</strong></span> <span class='ocrx_word' id='word_1_95' title='bbox 2058 1230 2273 1288; x_wconf 86' lang='lat' dir='ltr'><strong>recens-teu-</strong></span> 
     </span>
    </p>

    <p class='ocr_par' dir='ltr' id='par_1_12' title="bbox 1025 1310 2272 1414">
     <span class='ocr_line' id='line_1_12' title="bbox 1025 1310 2272 1414; baseline 0.006 -35"><span class='ocrx_word' id='word_1_96' title='bbox 1025 1390 1033 1406; x_wconf 43' lang='lat'><strong>·</strong></span> <span class='ocrx_word' id='word_1_97' title='bbox 1287 1312 1376 1381; x_wconf 87' lang='lat' dir='ltr'><strong>tavit</strong></span> <span class='ocrx_word' id='word_1_98' title='bbox 1389 1312 1688 1404; x_wconf 79' lang='lat' dir='ltr'><strong>oppugnationem</strong></span> <span class='ocrx_word' id='word_1_99' title='bbox 1700 1313 1790 1384; x_wconf 86' lang='lat' dir='ltr'><strong>arcis</strong></span> <span class='ocrx_word' id='word_1_100' title='bbox 1804 1310 2097 1414; x_wconf 73' lang='lat' dir='ltr'><strong>Mamseldieae.</strong></span> <span class='ocrx_word' id='word_1_101' title='bbox 2146 1317 2272 1390; x_wconf 89' lang='lat' dir='ltr'><strong>Metuo</strong></span> 
     </span>
    </p>

    <p class='ocr_par' dir='ltr' id='par_1_13' title="bbox 427 1384 2274 1508">
     <span class='ocr_line' id='line_1_13' title="bbox 427 1384 2274 1508; baseline 0.01 -36"><span class='ocrx_word' id='word_1_102' title='bbox 427 1390 484 1465; x_wconf 87' lang='lat' dir='ltr'><strong>D·</strong></span> <span class='ocrx_word' id='word_1_103' title='bbox 507 1397 544 1464; x_wconf 83' lang='lat' dir='ltr'><em>A</em></span> <span class='ocrx_word' id='word_1_104' title='bbox 554 1390 701 1463; x_wconf 66' lang='lat' dir='ltr'><strong>lberi‘l</strong></span> <span class='ocrx_word' id='word_1_105' title='bbox 726 1384 1060 1485; x_wconf 63' lang='lat' dir='ltr'><strong>Hafdssbssfffffl</strong></span> <span class='ocrx_word' id='word_1_106' title='bbox 1289 1407 1373 1481; x_wconf 91' lang='lat' dir='ltr'><strong>haec</strong></span> <span class='ocrx_word' id='word_1_107' title='bbox 1395 1413 1497 1482; x_wconf 88' lang='lat' dir='ltr'><strong>initia</strong></span> <span class='ocrx_word' id='word_1_108' title='bbox 1517 1426 1553 1482; x_wconf 87' lang='lat' dir='ltr'><strong>et</strong></span> <span class='ocrx_word' id='word_1_109' title='bbox 1574 1411 1786 1484; x_wconf 71' lang='lat' dir='ltr'><strong>orohilium</strong></span> <span class='ocrx_word' id='word_1_110' title='bbox 1804 1412 1891 1501; x_wconf 91' lang='lat' dir='ltr'><strong>Dei,</strong></span> <span class='ocrx_word' id='word_1_111' title='bbox 1922 1429 1965 1488; x_wconf 90' lang='lat' dir='ltr'><strong>ut</strong></span> <span class='ocrx_word' id='word_1_112' title='bbox 1988 1410 2044 1487; x_wconf 90' lang='lat' dir='ltr'><strong>his</strong></span> <span class='ocrx_word' id='word_1_113' title='bbox 2067 1417 2274 1508; x_wconf 70' lang='lat' dir='ltr'><strong>regionibus</strong></span> 
     </span>
    </p>

    <p class='ocr_par' dir='ltr' id='par_1_14' title="bbox 1286 1512 2273 1611">
     <span class='ocr_line' id='line_1_14' title="bbox 1286 1512 2273 1611; baseline 0.008 -29"><span class='ocrx_word' id='word_1_114' title='bbox 1286 1514 1447 1583; x_wconf 87' lang='lat' dir='ltr'><strong>restituat</strong></span> <span class='ocrx_word' id='word_1_115' title='bbox 1471 1537 1604 1602; x_wconf 86' lang='lat' dir='ltr'><strong>pacem.</strong></span> <span class='ocrx_word' id='word_1_116' title='bbox 1663 1512 1736 1585; x_wconf 85' lang='lat' dir='ltr'><strong>Vos</strong></span> <span class='ocrx_word' id='word_1_117' title='bbox 1758 1514 1837 1586; x_wconf 90' lang='lat' dir='ltr'><strong>istic</strong></span> <span class='ocrx_word' id='word_1_118' title='bbox 1858 1517 1960 1608; x_wconf 86' lang='lat' dir='ltr'><strong>plura</strong></span> <span class='ocrx_word' id='word_1_119' title='bbox 1981 1541 2078 1588; x_wconf 89' lang='lat' dir='ltr'><strong>nuuc</strong></span> <span class='ocrx_word' id='word_1_120' title='bbox 2099 1518 2190 1589; x_wconf 88' lang='lat' dir='ltr'><strong>scire</strong></span> <span class='ocrx_word' id='word_1_121' title='bbox 2206 1532 2273 1611; x_wconf 86' lang='lat' dir='ltr'><strong>po&#39;-</strong></span> 
     </span>
    </p>

    <p class='ocr_par' dir='ltr' id='par_1_15' title="bbox 1287 1611 2272 1709">
     <span class='ocr_line' id='line_1_15' title="bbox 1287 1611 2272 1709; baseline 0.009 -29"><span class='ocrx_word' id='word_1_122' title='bbox 1287 1615 1395 1684; x_wconf 87' lang='lat' dir='ltr'><strong>testis.</strong></span> <span class='ocrx_word' id='word_1_123' title='bbox 1448 1611 1555 1685; x_wconf 89' lang='lat' dir='ltr'><strong>Mitto</strong></span> <span class='ocrx_word' id='word_1_124' title='bbox 1569 1613 1731 1705; x_wconf 79' lang='lat' dir='ltr'><strong>pagellas,</strong></span> <span class='ocrx_word' id='word_1_125' title='bbox 1751 1639 1902 1709; x_wconf 87' lang='lat' dir='ltr'><strong>quarum</strong></span> <span class='ocrx_word' id='word_1_126' title='bbox 1916 1618 1987 1688; x_wconf 87' lang='lat' dir='ltr'><strong>scio</strong></span> <span class='ocrx_word' id='word_1_127' title='bbox 2000 1619 2067 1690; x_wconf 88' lang='lat' dir='ltr'><strong>tibi</strong></span> <span class='ocrx_word' id='word_1_128' title='bbox 2079 1618 2272 1690; x_wconf 87' lang='lat' dir='ltr'><strong>lectionem</strong></span> 
     </span>
    </p>

    <p class='ocr_par' dir='ltr' id='par_1_16' title="bbox 1286 1713 2272 1804">
     <span class='ocr_line' id='line_1_16' title="bbox 1286 1713 2272 1804; baseline 0.01 -24"><span class='ocrx_word' id='word_1_129' title='bbox 1286 1737 1360 1782; x_wconf 89' lang='lat' dir='ltr'><strong>non</strong></span> <span class='ocrx_word' id='word_1_130' title='bbox 1383 1713 1565 1784; x_wconf 81' lang='lat' dir='ltr'><strong>insuavem</strong></span> <span class='ocrx_word' id='word_1_131' title='bbox 1588 1736 1674 1789; x_wconf 90' lang='lat' dir='ltr'><strong>esse.</strong></span> <span class='ocrx_word' id='word_1_132' title='bbox 1726 1715 1813 1787; x_wconf 89' lang='lat' dir='ltr'><strong>Viro</strong></span> <span class='ocrx_word' id='word_1_133' title='bbox 1835 1718 2029 1791; x_wconf 87' lang='lat' dir='ltr'><strong>clarissimo</strong></span> <span class='ocrx_word' id='word_1_134' title='bbox 2054 1741 2173 1790; x_wconf 89' lang='lat' dir='ltr'><strong>socero</strong></span> <span class='ocrx_word' id='word_1_135' title='bbox 2193 1734 2272 1804; x_wconf 90' lang='lat' dir='ltr'><strong>tuo,</strong></span> 
     </span>
    </p>

    <p class='ocr_par' dir='ltr' id='par_1_17' title="bbox 1286 1813 2272 1912">
     <span class='ocr_line' id='line_1_17' title="bbox 1286 1813 2272 1912; baseline 0.01 -32"><span class='ocrx_word' id='word_1_136' title='bbox 1286 1826 1322 1882; x_wconf 88' lang='lat' dir='ltr'><strong>et</strong></span> <span class='ocrx_word' id='word_1_137' title='bbox 1346 1814 1412 1886; x_wconf 91' lang='lat' dir='ltr'><strong>toti</strong></span> <span class='ocrx_word' id='word_1_138' title='bbox 1435 1828 1570 1885; x_wconf 91' lang='lat' dir='ltr'><strong>vestrae</strong></span> <span class='ocrx_word' id='word_1_139' title='bbox 1586 1813 1763 1888; x_wconf 73' lang='lat' dir='ltr'><strong>Ecclesiae</strong></span> <span class='ocrx_word' id='word_1_140' title='bbox 1778 1819 1988 1889; x_wconf 74' lang='lat' dir='ltr'><strong>domesticae</strong></span> <span class='ocrx_word' id='word_1_141' title='bbox 2000 1820 2148 1890; x_wconf 88' lang='lat' dir='ltr'><strong>salutem</strong></span> <span class='ocrx_word' id='word_1_142' title='bbox 2165 1832 2272 1912; x_wconf 89' lang='lat' dir='ltr'><strong>opta-</strong></span> 
     </span>
    </p>

    <p class='ocr_par' dir='ltr' id='par_1_18' title="bbox 1287 1916 2269 2008">
     <span class='ocr_line' id='line_1_18' title="bbox 1287 1916 2269 2008; baseline 0.007 -27"><span class='ocrx_word' id='word_1_143' title='bbox 1287 1937 1383 1998; x_wconf 85' lang='lat' dir='ltr'><strong>mus,</strong></span> <span class='ocrx_word' id='word_1_144' title='bbox 1406 1937 1488 2003; x_wconf 86' lang='lat' dir='ltr'><strong>ego,</strong></span> <span class='ocrx_word' id='word_1_145' title='bbox 1513 1929 1547 1986; x_wconf 89' lang='lat' dir='ltr'><strong>et</strong></span> <span class='ocrx_word' id='word_1_146' title='bbox 1573 1940 1670 1986; x_wconf 87' lang='lat' dir='ltr'><strong>meus</strong></span> <span class='ocrx_word' id='word_1_147' title='bbox 1693 1941 1818 2008; x_wconf 80' lang='lat' dir='ltr'><strong>gener,</strong></span> <span class='ocrx_word' id='word_1_148' title='bbox 1842 1933 1878 1991; x_wconf 87' lang='lat' dir='ltr'><strong>et</strong></span> <span class='ocrx_word' id='word_1_149' title='bbox 1892 1920 2001 1990; x_wconf 85' lang='lat' dir='ltr'><strong>frater</strong></span> <span class='ocrx_word' id='word_1_150' title='bbox 2015 1933 2117 2004; x_wconf 85' lang='lat' dir='ltr'><strong>tuus,</strong></span> <span class='ocrx_word' id='word_1_151' title='bbox 2141 1916 2269 1990; x_wconf 74' lang='lat' dir='ltr'><strong>etEt-</strong></span> 
     </span>
    </p>

    <p class='ocr_par' dir='ltr' id='par_1_19' title="bbox 1284 2013 2271 2212">
     <span class='ocr_line' id='line_1_19' title="bbox 1285 2013 2271 2116; baseline 0.01 -35"><span class='ocrx_word' id='word_1_152' title='bbox 1285 2023 1425 2098; x_wconf 79' lang='lat' dir='ltr'><strong>aestas,</strong></span> <span class='ocrx_word' id='word_1_153' title='bbox 1459 2029 1495 2086; x_wconf 87' lang='lat' dir='ltr'><strong>et</strong></span> <span class='ocrx_word' id='word_1_154' title='bbox 1515 2018 1624 2087; x_wconf 81' lang='lat' dir='ltr'><strong>irater</strong></span> <span class='ocrx_word' id='word_1_155' title='bbox 1645 2013 1881 2116; x_wconf 73' lang='lat' dir='ltr'><strong>Oeodoippsoe.</strong></span> <span class='ocrx_word' id='word_1_156' title='bbox 1939 2018 2040 2091; x_wconf 89' lang='lat' dir='ltr'><strong>Bene</strong></span> <span class='ocrx_word' id='word_1_157' title='bbox 2062 2022 2151 2092; x_wconf 79' lang='lat' dir='ltr'><strong>vale.</strong></span> <span class='ocrx_word' id='word_1_158' title='bbox 2200 2017 2271 2091; x_wconf 85' lang='lat' dir='ltr'><strong>Die</strong></span> 
     </span>
     <span class='ocr_line' id='line_1_20' title="bbox 1284 2107 1770 2212; baseline 0.025 -27"><span class='ocrx_word' id='word_1_159' title='bbox 1284 2107 1479 2212; x_wconf 76' lang='lat' dir='ltr'><strong>Stephani.</strong></span> <span class='ocrx_word' id='word_1_160' title='bbox 1531 2113 1640 2190; x_wconf 82' lang='lat' dir='ltr'><strong>Anno</strong></span> <span class='ocrx_word' id='word_1_161' title='bbox 1659 2117 1770 2197; x_wconf 80' lang='lat'><strong>1565.</strong></span> 
     </span>
    </p>
   </div>
   <div class='ocr_carea' id='block_1_3' title="bbox 248 1546 2109 2850">
    <p class='ocr_par' dir='ltr' id='par_1_20' title="bbox 248 1546 2109 2850">
     <span class='ocr_line' id='line_1_21' title="bbox 249 1546 1235 1632; baseline -0.006 0"><span class='ocrx_word' id='word_1_162' title='bbox 249 1546 300 1632; x_wconf 77' lang='lat' dir='ltr'><strong>S.</strong></span> <span class='ocrx_word' id='word_1_163' title='bbox 326 1554 371 1626; x_wconf 89' lang='lat' dir='ltr'><strong>D.</strong></span> <span class='ocrx_word' id='word_1_164' title='bbox 419 1553 628 1627; x_wconf 79' lang='lat' dir='ltr'><strong>Reverendo</strong></span> <span class='ocrx_word' id='word_1_165' title='bbox 653 1555 708 1624; x_wconf 89' lang='lat' dir='ltr'><strong>vir</strong></span> <span class='ocrx_word' id='word_1_166' title='bbox 730 1568 764 1624; x_wconf 88' lang='lat' dir='ltr'><strong>et</strong></span> <span class='ocrx_word' id='word_1_167' title='bbox 787 1556 963 1623; x_wconf 85' lang='lat' dir='ltr'><strong>carissime</strong></span> <span class='ocrx_word' id='word_1_168' title='bbox 982 1557 1103 1629; x_wconf 84' lang='lat' dir='ltr'><strong>frater.</strong></span> <span class='ocrx_word' id='word_1_169' title='bbox 1152 1553 1235 1626; x_wconf 93' lang='lat' dir='ltr'><strong>Scio</strong></span> 
     </span>
     <span class='ocr_line' id='line_1_22' title="bbox 250 1655 1236 1746; baseline -0.003 -17"><span class='ocrx_word' id='word_1_170' title='bbox 250 1673 285 1729; x_wconf 91' lang='lat' dir='ltr'><strong>te</strong></span> <span class='ocrx_word' id='word_1_171' title='bbox 306 1657 423 1727; x_wconf 87' lang='lat' dir='ltr'><strong>virum</strong></span> <span class='ocrx_word' id='word_1_172' title='bbox 445 1658 623 1726; x_wconf 88' lang='lat' dir='ltr'><strong>eruditum</strong></span> <span class='ocrx_word' id='word_1_173' title='bbox 638 1669 673 1725; x_wconf 87' lang='lat' dir='ltr'><strong>et</strong></span> <span class='ocrx_word' id='word_1_174' title='bbox 688 1655 881 1746; x_wconf 86' lang='lat' dir='ltr'><strong>sapientem</strong></span> <span class='ocrx_word' id='word_1_175' title='bbox 899 1657 1008 1725; x_wconf 88' lang='lat' dir='ltr'><strong>multa</strong></span> <span class='ocrx_word' id='word_1_176' title='bbox 1024 1656 1175 1745; x_wconf 77' lang='lat' dir='ltr'><strong>cogitare</strong></span> <span class='ocrx_word' id='word_1_177' title='bbox 1191 1658 1236 1726; x_wconf 92' lang='lat' dir='ltr'><strong>de</strong></span> 
     </span>
     <span class='ocr_line' id='line_1_23' title="bbox 251 1750 1235 1842; baseline -0.002 -15"><span class='ocrx_word' id='word_1_178' title='bbox 251 1754 432 1828; x_wconf 87' lang='lat' dir='ltr'><strong>communi</strong></span> <span class='ocrx_word' id='word_1_179' title='bbox 465 1757 670 1825; x_wconf 85' lang='lat' dir='ltr'><strong>infirmitate</strong></span> <span class='ocrx_word' id='word_1_180' title='bbox 702 1754 840 1842; x_wconf 83' lang='lat' dir='ltr'><strong>generis</strong></span> <span class='ocrx_word' id='word_1_181' title='bbox 870 1750 1039 1839; x_wconf 86' lang='lat' dir='ltr'><strong>humani,</strong></span> <span class='ocrx_word' id='word_1_182' title='bbox 1074 1771 1106 1825; x_wconf 90' lang='lat' dir='ltr'><strong>et</strong></span> <span class='ocrx_word' id='word_1_183' title='bbox 1133 1780 1235 1825; x_wconf 88' lang='lat' dir='ltr'><strong>nosse</strong></span> 
     </span>
     <span class='ocr_line' id='line_1_24' title="bbox 250 1853 1235 1945; baseline -0.004 -16"><span class='ocrx_word' id='word_1_184' title='bbox 250 1857 534 1929; x_wconf 83' lang='lat' dir='ltr'><strong>consolationum</strong></span> <span class='ocrx_word' id='word_1_185' title='bbox 556 1857 687 1938; x_wconf 85' lang='lat' dir='ltr'><strong>fontes,</strong></span> <span class='ocrx_word' id='word_1_186' title='bbox 713 1878 802 1945; x_wconf 87' lang='lat' dir='ltr'><strong>quae</strong></span> <span class='ocrx_word' id='word_1_187' title='bbox 823 1868 857 1924; x_wconf 92' lang='lat' dir='ltr'><strong>et</strong></span> <span class='ocrx_word' id='word_1_188' title='bbox 877 1855 915 1922; x_wconf 92' lang='lat' dir='ltr'><strong>in</strong></span> <span class='ocrx_word' id='word_1_189' title='bbox 936 1857 1095 1924; x_wconf 87' lang='lat' dir='ltr'><strong>doctrina</strong></span> <span class='ocrx_word' id='word_1_190' title='bbox 1111 1853 1235 1926; x_wconf 88' lang='lat' dir='ltr'><strong>Eccle-</strong></span> 
     </span>
     <span class='ocr_line' id='line_1_25' title="bbox 250 1953 1235 2047; baseline 0 -19"><span class='ocrx_word' id='word_1_191' title='bbox 250 1958 323 2028; x_wconf 84' lang='lat' dir='ltr'><strong>siae</strong></span> <span class='ocrx_word' id='word_1_192' title='bbox 343 1968 611 2047; x_wconf 87' lang='lat' dir='ltr'><strong>proponuntur,</strong></span> <span class='ocrx_word' id='word_1_193' title='bbox 645 1969 680 2026; x_wconf 94' lang='lat' dir='ltr'><strong>et</strong></span> <span class='ocrx_word' id='word_1_194' title='bbox 704 1953 743 2021; x_wconf 94' lang='lat' dir='ltr'><strong>in</strong></span> <span class='ocrx_word' id='word_1_195' title='bbox 764 1953 915 2029; x_wconf 84' lang='lat' dir='ltr'><strong>aliorum</strong></span> <span class='ocrx_word' id='word_1_196' title='bbox 940 1956 1137 2046; x_wconf 86' lang='lat' dir='ltr'><strong>sapientum</strong></span> <span class='ocrx_word' id='word_1_197' title='bbox 1160 1981 1235 2028; x_wconf 89' lang='lat' dir='ltr'><strong>set-</strong></span> 
     </span>
     <span class='ocr_line' id='line_1_26' title="bbox 251 2049 1234 2129; baseline 0 -2"><span class='ocrx_word' id='word_1_198' title='bbox 251 2058 428 2129; x_wconf 88' lang='lat' dir='ltr'><strong>monibus.</strong></span> <span class='ocrx_word' id='word_1_199' title='bbox 487 2052 556 2126; x_wconf 86' lang='lat' dir='ltr'><strong>Sed</strong></span> <span class='ocrx_word' id='word_1_200' title='bbox 591 2079 657 2123; x_wconf 83' lang='lat' dir='ltr'><strong>vox</strong></span> <span class='ocrx_word' id='word_1_201' title='bbox 684 2052 806 2123; x_wconf 90' lang='lat' dir='ltr'><strong>divina</strong></span> <span class='ocrx_word' id='word_1_202' title='bbox 833 2054 871 2122; x_wconf 92' lang='lat' dir='ltr'><strong>iu</strong></span> <span class='ocrx_word' id='word_1_203' title='bbox 897 2049 1053 2125; x_wconf 81' lang='lat' dir='ltr'><strong>Ecclesia</strong></span> <span class='ocrx_word' id='word_1_204' title='bbox 1079 2058 1234 2127; x_wconf 86' lang='lat' dir='ltr'><strong>ostendit</strong></span> 
     </span>
     <span class='ocr_line' id='line_1_27' title="bbox 250 2151 1235 2249; baseline -0.002 -22"><span class='ocrx_word' id='word_1_205' title='bbox 250 2171 393 2249; x_wconf 87' lang='lat' dir='ltr'><strong>portum</strong></span> <span class='ocrx_word' id='word_1_206' title='bbox 417 2151 544 2225; x_wconf 87' lang='lat' dir='ltr'><strong>harum</strong></span> <span class='ocrx_word' id='word_1_207' title='bbox 564 2154 804 2237; x_wconf 85' lang='lat' dir='ltr'><strong>miseriarum,</strong></span> <span class='ocrx_word' id='word_1_208' title='bbox 828 2167 869 2224; x_wconf 94' lang='lat' dir='ltr'><strong>ut</strong></span> <span class='ocrx_word' id='word_1_209' title='bbox 888 2157 932 2223; x_wconf 91' lang='lat' dir='ltr'><strong>de</strong></span> <span class='ocrx_word' id='word_1_210' title='bbox 945 2151 1125 2247; x_wconf 87' lang='lat' dir='ltr'><strong>Stephano</strong></span> <span class='ocrx_word' id='word_1_211' title='bbox 1147 2158 1235 2227; x_wconf 90' lang='lat' dir='ltr'><strong>scri-</strong></span> 
     </span>
     <span class='ocr_line' id='line_1_28' title="bbox 250 2250 1233 2350; baseline 0 -23"><span class='ocrx_word' id='word_1_212' title='bbox 250 2271 353 2349; x_wconf 90' lang='lat' dir='ltr'><strong>ptum</strong></span> <span class='ocrx_word' id='word_1_213' title='bbox 377 2269 442 2326; x_wconf 86' lang='lat' dir='ltr'><strong>est:</strong></span> <span class='ocrx_word' id='word_1_214' title='bbox 474 2252 582 2350; x_wconf 85' lang='lat' dir='ltr'><strong>(Nam</strong></span> <span class='ocrx_word' id='word_1_215' title='bbox 598 2250 689 2325; x_wconf 90' lang='lat' dir='ltr'><strong>hanc</strong></span> <span class='ocrx_word' id='word_1_216' title='bbox 704 2255 887 2345; x_wconf 89' lang='lat' dir='ltr'><strong>epistolam</strong></span> <span class='ocrx_word' id='word_1_217' title='bbox 903 2257 983 2325; x_wconf 90' lang='lat' dir='ltr'><strong>dedi</strong></span> <span class='ocrx_word' id='word_1_218' title='bbox 1001 2257 1151 2342; x_wconf 88' lang='lat' dir='ltr'><strong>nuncio,</strong></span> <span class='ocrx_word' id='word_1_219' title='bbox 1176 2260 1233 2327; x_wconf 93' lang='lat' dir='ltr'><strong>die</strong></span> 
     </span>
     <span class='ocr_line' id='line_1_29' title="bbox 251 2349 1232 2452; baseline -0.002 -24"><span class='ocrx_word' id='word_1_220' title='bbox 251 2352 440 2448; x_wconf 87' lang='lat' dir='ltr'><strong>Stephani)</strong></span> <span class='ocrx_word' id='word_1_221' title='bbox 470 2349 559 2423; x_wconf 81' lang='lat' dir='ltr'><strong>Ibat</strong></span> <span class='ocrx_word' id='word_1_222' title='bbox 583 2378 697 2424; x_wconf 83' lang='lat' dir='ltr'><strong>ovans</strong></span> <span class='ocrx_word' id='word_1_223' title='bbox 718 2350 858 2424; x_wconf 85' lang='lat' dir='ltr'><strong>animis</strong></span> <span class='ocrx_word' id='word_1_224' title='bbox 879 2364 911 2423; x_wconf 82' lang='lat' dir='ltr'><strong>et</strong></span> <span class='ocrx_word' id='word_1_225' title='bbox 927 2379 989 2452; x_wconf 86' lang='lat' dir='ltr'><strong>spe</strong></span> <span class='ocrx_word' id='word_1_226' title='bbox 1004 2381 1073 2426; x_wconf 87' lang='lat' dir='ltr'><strong>saa</strong></span> <span class='ocrx_word' id='word_1_227' title='bbox 1091 2352 1232 2426; x_wconf 84' lang='lat' dir='ltr'><strong>damna</strong></span> 
     </span>
     <span class='ocr_line' id='line_1_30' title="bbox 251 2452 1233 2548; baseline 0 -22"><span class='ocrx_word' id='word_1_228' title='bbox 251 2454 409 2526; x_wconf 76' lang='lat' dir='ltr'><strong>levabal.</strong></span> <span class='ocrx_word' id='word_1_229' title='bbox 458 2452 550 2526; x_wconf 88' lang='lat' dir='ltr'><strong>Cum</strong></span> <span class='ocrx_word' id='word_1_230' title='bbox 571 2455 681 2544; x_wconf 81' lang='lat' dir='ltr'><strong>igitur</strong></span> <span class='ocrx_word' id='word_1_231' title='bbox 702 2456 884 2548; x_wconf 85' lang='lat' dir='ltr'><strong>aliquanto</strong></span> <span class='ocrx_word' id='word_1_232' title='bbox 909 2473 987 2544; x_wconf 92' lang='lat' dir='ltr'><strong>post</strong></span> <span class='ocrx_word' id='word_1_233' title='bbox 1009 2458 1047 2525; x_wconf 90' lang='lat' dir='ltr'><strong>in</strong></span> <span class='ocrx_word' id='word_1_234' title='bbox 1067 2459 1145 2528; x_wconf 92' lang='lat' dir='ltr'><strong>lnce</strong></span> <span class='ocrx_word' id='word_1_235' title='bbox 1162 2460 1233 2527; x_wconf 90' lang='lat' dir='ltr'><strong>cla-</strong></span> 
     </span>
     <span class='ocr_line' id='line_1_31' title="bbox 250 2552 1234 2631; baseline 0 -4"><span class='ocrx_word' id='word_1_236' title='bbox 250 2557 389 2627; x_wconf 89' lang='lat' dir='ltr'><strong>rissima</strong></span> <span class='ocrx_word' id='word_1_237' title='bbox 413 2554 528 2626; x_wconf 88' lang='lat' dir='ltr'><strong>Deum</strong></span> <span class='ocrx_word' id='word_1_238' title='bbox 552 2568 586 2625; x_wconf 90' lang='lat' dir='ltr'><strong>et</strong></span> <span class='ocrx_word' id='word_1_239' title='bbox 606 2556 719 2627; x_wconf 89' lang='lat' dir='ltr'><strong>lilium</strong></span> <span class='ocrx_word' id='word_1_240' title='bbox 740 2558 816 2626; x_wconf 90' lang='lat' dir='ltr'><strong>eius</strong></span> <span class='ocrx_word' id='word_1_241' title='bbox 836 2552 882 2630; x_wconf 87' lang='lat' dir='ltr'><strong>D.</strong></span> <span class='ocrx_word' id='word_1_242' title='bbox 898 2555 942 2630; x_wconf 91' lang='lat' dir='ltr'><strong>N.</strong></span> <span class='ocrx_word' id='word_1_243' title='bbox 961 2557 989 2631; x_wconf 92' lang='lat' dir='ltr'><strong>l.</strong></span> <span class='ocrx_word' id='word_1_244' title='bbox 1005 2553 1045 2627; x_wconf 89' lang='lat' dir='ltr'><strong>C.</strong></span> <span class='ocrx_word' id='word_1_245' title='bbox 1064 2572 1099 2628; x_wconf 90' lang='lat' dir='ltr'><strong>et</strong></span> <span class='ocrx_word' id='word_1_246' title='bbox 1119 2572 1234 2630; x_wconf 86' lang='lat' dir='ltr'><strong>totum</strong></span> 
     </span>
     <span class='ocr_line' id='line_1_32' title="bbox 249 2655 2078 2753; baseline 0.003 -25"><span class='ocrx_word' id='word_1_247' title='bbox 249 2679 375 2747; x_wconf 73' lang='lat' dir='ltr'><strong>agmen</strong></span> <span class='ocrx_word' id='word_1_248' title='bbox 398 2656 547 2725; x_wconf 89' lang='lat' dir='ltr'><strong>coeleste</strong></span> <span class='ocrx_word' id='word_1_249' title='bbox 568 2655 709 2726; x_wconf 89' lang='lat' dir='ltr'><strong>visurus</strong></span> <span class='ocrx_word' id='word_1_250' title='bbox 726 2656 793 2742; x_wconf 88' lang='lat' dir='ltr'><strong>sis,</strong></span> <span class='ocrx_word' id='word_1_251' title='bbox 826 2658 945 2726; x_wconf 88' lang='lat' dir='ltr'><strong>minus</strong></span> <span class='ocrx_word' id='word_1_252' title='bbox 963 2658 1104 2744; x_wconf 90' lang='lat' dir='ltr'><strong>doleas,</strong></span> <span class='ocrx_word' id='word_1_253' title='bbox 1137 2662 1232 2753; x_wconf 90' lang='lat' dir='ltr'><strong>quod</strong></span> <span class='ocrx_word' id='word_1_254' title='bbox 1569 2720 1577 2740; x_wconf 84' lang='lat'><strong>.</strong></span> <span class='ocrx_word' id='word_1_255' title='bbox 1747 2720 1757 2741; x_wconf 87' lang='lat'><strong>.</strong></span> <span class='ocrx_word' id='word_1_256' title='bbox 2027 2721 2037 2741; x_wconf 86' lang='lat'><strong>.</strong></span> <span class='ocrx_word' id='word_1_257' title='bbox 2069 2719 2078 2740; x_wconf 96' lang='lat'><strong>.</strong></span> 
     </span>
     <span class='ocr_line' id='line_1_33' title="bbox 248 2717 2109 2850; baseline 0.001 -21"><span class='ocrx_word' id='word_1_258' title='bbox 248 2780 347 2829; x_wconf 83' lang='lat' dir='ltr'><strong>nunc</strong></span> <span class='ocrx_word' id='word_1_259' title='bbox 367 2756 463 2827; x_wconf 90' lang='lat' dir='ltr'><strong>oculi</strong></span> <span class='ocrx_word' id='word_1_260' title='bbox 477 2767 561 2827; x_wconf 88' lang='lat' dir='ltr'><strong>suut</strong></span> <span class='ocrx_word' id='word_1_261' title='bbox 575 2750 773 2827; x_wconf 87' lang='lat' dir='ltr'><strong>hebetiores</strong></span> <span class='ocrx_word' id='word_1_262' title='bbox 788 2757 911 2846; x_wconf 75' lang='lat' dir='ltr'><strong>exiguo</strong></span> <span class='ocrx_word' id='word_1_263' title='bbox 935 2773 1104 2850; x_wconf 90' lang='lat' dir='ltr'><strong>ternpore.</strong></span> <span class='ocrx_word' id='word_1_264' title='bbox 1155 2755 1233 2830; x_wconf 89' lang='lat' dir='ltr'><strong>Oro</strong></span> <span class='ocrx_word' id='word_1_265' title='bbox 1436 2718 1835 2807; x_wconf 59' lang='lat' dir='ltr'><strong><em>C⁰n⁰²⁰natm</em></strong></span> <span class='ocrx_word' id='word_1_266' title='bbox 1861 2717 2109 2807; x_wconf 49' lang='lat' dir='ltr'><strong><em>mamm·</em></strong></span> 
     </span>
    </p>
   </div>
   <div class='ocr_carea' id='block_1_4' title="bbox 249 2853 2269 2963">
    <p class='ocr_par' dir='ltr' id='par_1_21' title="bbox 249 2853 2269 2963">
     <span class='ocr_line' id='line_1_34' title="bbox 249 2853 2269 2963; baseline 0.005 -26"><span class='ocrx_word' id='word_1_267' title='bbox 249 2869 368 2931; x_wconf 79' lang='lat' dir='ltr'><strong>sutem</strong></span> <span class='ocrx_word' id='word_1_268' title='bbox 392 2855 434 2930; x_wconf 81' lang='lat' dir='ltr'><strong>F·</strong></span> <span class='ocrx_word' id='word_1_269' title='bbox 453 2853 518 2937; x_wconf 71' lang='lat' dir='ltr'><strong>D..</strong></span> <span class='ocrx_word' id='word_1_270' title='bbox 551 2857 737 2928; x_wconf 83' lang='lat' dir='ltr'><strong>dominum</strong></span> <span class='ocrx_word' id='word_1_271' title='bbox 760 2871 921 2928; x_wconf 80' lang='lat' dir='ltr'><strong>nostrum</strong></span> <span class='ocrx_word' id='word_1_272' title='bbox 943 2856 969 2928; x_wconf 82' lang='lat' dir='ltr'><strong>l·</strong></span> <span class='ocrx_word' id='word_1_273' title='bbox 992 2856 1052 2939; x_wconf 76' lang='lat' dir='ltr'><strong>C..</strong></span> <span class='ocrx_word' id='word_1_274' title='bbox 1084 2874 1126 2931; x_wconf 84' lang='lat' dir='ltr'><strong>ut</strong></span> <span class='ocrx_word' id='word_1_275' title='bbox 1149 2872 1234 2931; x_wconf 78' lang='lat' dir='ltr'><strong>teet</strong></span> <span class='ocrx_word' id='word_1_276' title='bbox 1351 2888 1448 2944; x_wconf 63' lang='lat' dir='ltr'><strong>nanu</strong></span> <span class='ocrx_word' id='word_1_277' title='bbox 1467 2889 1563 2960; x_wconf 53' lang='lat' dir='ltr'><strong>rm...</strong></span> <span class='ocrx_word' id='word_1_278' title='bbox 1582 2908 1609 2962; x_wconf 69' lang='lat' dir='ltr'><strong>p.</strong></span> <span class='ocrx_word' id='word_1_279' title='bbox 1623 2888 1712 2960; x_wconf 59' lang='lat' dir='ltr'><strong>san.</strong></span> <span class='ocrx_word' id='word_1_280' title='bbox 1747 2888 1867 2963; x_wconf 71' lang='lat' dir='ltr'><strong>Reperio</strong></span> <span class='ocrx_word' id='word_1_281' title='bbox 1888 2907 1903 2943; x_wconf 69' lang='grc' dir='ltr'>ι</span> <span class='ocrx_word' id='word_1_282' title='bbox 1921 2886 2012 2945; x_wconf 63' lang='lat' dir='ltr'><strong>raa.</strong></span> <span class='ocrx_word' id='word_1_283' title='bbox 2031 2888 2060 2942; x_wconf 72' lang='lat' dir='ltr'><strong>ra</strong></span> <span class='ocrx_word' id='word_1_284' title='bbox 2082 2888 2150 2948; x_wconf 76' lang='lat' dir='ltr'><strong>na.</strong></span> <span class='ocrx_word' id='word_1_285' title='bbox 2164 2891 2269 2948; x_wconf 69' lang='lat' dir='ltr'><strong>canu.</strong></span> 
     </span>
    </p>
   </div>
   <div class='ocr_carea' id='block_1_5' title="bbox 250 2952 2269 3084">
    <p class='ocr_par' dir='ltr' id='par_1_22' title="bbox 250 2952 2269 3084">
     <span class='ocr_line' id='line_1_35' title="bbox 250 2952 2269 3084; baseline -0.002 -55"><span class='ocrx_word' id='word_1_286' title='bbox 250 2978 320 3038; x_wconf 80' lang='lat' dir='ltr'><strong>nes</strong></span> <span class='ocrx_word' id='word_1_287' title='bbox 347 2957 532 3048; x_wconf 61' lang='lat' dir='ltr'><strong>mhunel.</strong></span> <span class='ocrx_word' id='word_1_288' title='bbox 594 2954 638 3028; x_wconf 91' lang='lat' dir='ltr'><strong>ln</strong></span> <span class='ocrx_word' id='word_1_289' title='bbox 663 2952 719 3027; x_wconf 89' lang='lat' dir='ltr'><strong>his</strong></span> <span class='ocrx_word' id='word_1_290' title='bbox 744 2953 945 3028; x_wconf 81' lang='lat' dir='ltr'><strong>Academiis</strong></span> <span class='ocrx_word' id='word_1_291' title='bbox 971 2960 1088 3029; x_wconf 87' lang='lat' dir='ltr'><strong>studia</strong></span> <span class='ocrx_word' id='word_1_292' title='bbox 1112 2963 1233 3030; x_wconf 85' lang='lat' dir='ltr'><strong>eadem</strong></span> <span class='ocrx_word' id='word_1_293' title='bbox 1386 2957 1432 3012; x_wconf 76' lang='lat'><strong>¹³¹·</strong></span> <span class='ocrx_word' id='word_1_294' title='bbox 1456 2957 1488 3012; x_wconf 79' lang='grc' dir='ltr'><strong>Ρ·</strong></span> <span class='ocrx_word' id='word_1_295' title='bbox 1502 2958 1538 3012; x_wconf 87' lang='lat'><strong>¹¹·</strong></span> <span class='ocrx_word' id='word_1_296' title='bbox 1561 2959 1655 3043; x_wconf 44' lang='lat'><strong>&amp;¹⁴⁸</strong></span> <span class='ocrx_word' id='word_1_297' title='bbox 1701 2987 1772 3013; x_wconf 91' lang='lat'><strong>·-</strong></span> <span class='ocrx_word' id='word_1_298' title='bbox 1812 2962 1836 3013; x_wconf 84' lang='grc' dir='ltr'><strong>Α</strong></span> <span class='ocrx_word' id='word_1_299' title='bbox 1875 2959 1973 3029; x_wconf 71' lang='lat' dir='ltr'><strong>gripta</strong></span> <span class='ocrx_word' id='word_1_300' title='bbox 1991 2957 2021 3012; x_wconf 71' lang='lat'><strong>¹⁰</strong></span> <span class='ocrx_word' id='word_1_301' title='bbox 2042 2959 2269 3084; x_wconf 45' lang='lat' dir='ltr'><strong>ffirmssmffii</strong></span> 
     </span>
    </p>
   </div>
   <div class='ocr_carea' id='block_1_6' title="bbox 1283 2511 2271 2640">
    <p class='ocr_par' dir='ltr' id='par_1_23' title="bbox 1283 2511 2271 2640">
     <span class='ocr_line' id='line_1_36' title="bbox 1283 2511 2271 2640; baseline -0.009 -47"><span class='ocrx_word' id='word_1_302' title='bbox 1283 2511 1478 2640; x_wconf 61' lang='lat' dir='ltr'><strong>[Q-</strong></span> <span class='ocrx_word' id='word_1_303' title='bbox 2127 2520 2271 2593; x_wconf 65' lang='lat' dir='ltr'><strong>selles.</strong></span> 
     </span>
    </p>
   </div>
   <div class='ocr_carea' id='block_1_7' title="bbox 2142 2612 2271 2642">
    <p class='ocr_par' dir='ltr' id='par_1_24' title="bbox 2142 2612 2271 2642">
     <span class='ocr_line' id='line_1_37' title="bbox 2142 2612 2271 2642; baseline 0 0"><span class='ocrx_word' id='word_1_304' title='bbox 2142 2612 2271 2642; x_wconf 55' lang='lat' dir='ltr'>M</span> 
     </span>
    </p>
   </div>
   <div class='ocr_carea' id='block_1_8' title="bbox 1423 3021 1997 3097">
    <p class='ocr_par' dir='ltr' id='par_1_25' title="bbox 1423 3021 1997 3097">
     <span class='ocr_line' id='line_1_38' title="bbox 1423 3021 1997 3097; baseline -0.003 -16"><span class='ocrx_word' id='word_1_305' title='bbox 1423 3021 1507 3082; x_wconf 66' lang='lat'><strong>267¹&gt;-</strong></span> <span class='ocrx_word' id='word_1_306' title='bbox 1521 3036 1548 3080; x_wconf 86' lang='lat' dir='ltr'><strong>et</strong></span> <span class='ocrx_word' id='word_1_307' title='bbox 1561 3045 1590 3080; x_wconf 87' lang='lat' dir='ltr'><strong>m</strong></span> <span class='ocrx_word' id='word_1_308' title='bbox 1602 3029 1665 3081; x_wconf 82' lang='lat' dir='ltr'><strong>eod.</strong></span> <span class='ocrx_word' id='word_1_309' title='bbox 1705 3025 1796 3097; x_wconf 86' lang='lat' dir='ltr'><strong>uelph.</strong></span> <span class='ocrx_word' id='word_1_310' title='bbox 1808 3025 1838 3081; x_wconf 86' lang='lat' dir='ltr'><strong>lo</strong></span> <span class='ocrx_word' id='word_1_311' title='bbox 1850 3060 1861 3080; x_wconf 86' lang='grc'><strong>.</strong></span> <span class='ocrx_word' id='word_1_312' title='bbox 1873 3045 1920 3080; x_wconf 82' lang='grc' dir='ltr'><strong>ιιο.</strong></span> <span class='ocrx_word' id='word_1_313' title='bbox 1931 3026 1957 3081; x_wconf 88' lang='grc'><strong>7.</strong></span> <span class='ocrx_word' id='word_1_314' title='bbox 1970 3027 1997 3081; x_wconf 84' lang='grc'><strong>9.</strong></span> 
     </span>
    </p>
   </div>
   <div class='ocr_carea' id='block_1_9' title="bbox 196 3041 2270 3251">
    <p class='ocr_par' dir='ltr' id='par_1_26' title="bbox 196 3041 2270 3251">
     <span class='ocr_line' id='line_1_39' title="bbox 196 3041 2270 3175; baseline 0.004 -32"><span class='ocrx_word' id='word_1_315' title='bbox 196 3122 212 3153; x_wconf 79' lang='grc'>,</span> <span class='ocrx_word' id='word_1_316' title='bbox 251 3071 335 3130; x_wconf 62' lang='lat' dir='ltr'><strong>“mi</strong></span> <span class='ocrx_word' id='word_1_317' title='bbox 357 3058 617 3143; x_wconf 63' lang='lat' dir='ltr'><strong>d⁰⁰ffi¹¹³f⁰ms</strong></span> <span class='ocrx_word' id='word_1_318' title='bbox 652 3080 741 3150; x_wconf 56' lang='lat' dir='ltr'>quae</span> <span class='ocrx_word' id='word_1_319' title='bbox 763 3058 895 3128; x_wconf 57' lang='lat' dir='ltr'><strong>Vidiffl·</strong></span> <span class='ocrx_word' id='word_1_320' title='bbox 961 3056 1010 3130; x_wconf 74' lang='grc' dir='ltr'><strong>ΕῙ</strong></span> <span class='ocrx_word' id='word_1_321' title='bbox 1033 3054 1173 3130; x_wconf 62' lang='lat' dir='ltr'><strong>h⁰¹¹⁰⁵ii</strong></span> <span class='ocrx_word' id='word_1_322' title='bbox 1195 3086 1234 3131; x_wconf 57' lang='grc' dir='ltr'><strong>π</strong></span> <span class='ocrx_word' id='word_1_323' title='bbox 1383 3041 1575 3168; x_wconf 67' lang='lat' dir='ltr'><strong>hierapistola</strong></span> <span class='ocrx_word' id='word_1_324' title='bbox 1585 3110 1745 3164; x_wconf 81' lang='lat' dir='ltr'><strong>responsum</strong></span> <span class='ocrx_word' id='word_1_325' title='bbox 1757 3095 1790 3148; x_wconf 88' lang='lat' dir='ltr'><strong>sd</strong></span> <span class='ocrx_word' id='word_1_326' title='bbox 1802 3095 1891 3175; x_wconf 68' lang='lat' dir='ltr'><strong>literae</strong></span> <span class='ocrx_word' id='word_1_327' title='bbox 1903 3047 2028 3148; x_wconf 70' lang='lat' dir='ltr'><strong>Str&#39;llerrP</strong></span> <span class='ocrx_word' id='word_1_328' title='bbox 2027 3066 2053 3151; x_wconf 71' lang='lat' dir='ltr'><strong>it</strong></span> <span class='ocrx_word' id='word_1_329' title='bbox 2070 3095 2220 3166; x_wconf 63' lang='lat' dir='ltr'><strong>Semelei,</strong></span> <span class='ocrx_word' id='word_1_330' title='bbox 2238 3107 2270 3151; x_wconf 86' lang='lat' dir='ltr'><strong>ut</strong></span> 
     </span>
     <span class='ocr_line' id='line_1_40' title="bbox 249 3154 2269 3251; baseline -0.005 -20"><span class='ocrx_word' id='word_1_331' title='bbox 249 3158 347 3231; x_wconf 88' lang='lat' dir='ltr'><strong>docti</strong></span> <span class='ocrx_word' id='word_1_332' title='bbox 360 3158 429 3227; x_wconf 78' lang='lat' dir='ltr'><strong>viri</strong></span> <span class='ocrx_word' id='word_1_333' title='bbox 448 3179 571 3227; x_wconf 72' lang='lat' dir='ltr'><strong>omnes</strong></span> <span class='ocrx_word' id='word_1_334' title='bbox 584 3170 618 3234; x_wconf 73' lang='lat' dir='ltr'><strong>ie</strong></span> <span class='ocrx_word' id='word_1_335' title='bbox 633 3158 806 3247; x_wconf 78' lang='lat' dir='ltr'><strong>diliguni,</strong></span> <span class='ocrx_word' id='word_1_336' title='bbox 838 3171 873 3228; x_wconf 82' lang='lat' dir='ltr'><strong>el</strong></span> <span class='ocrx_word' id='word_1_337' title='bbox 887 3181 989 3251; x_wconf 65' lang='grc' dir='ltr'><strong>ωερε</strong></span> <span class='ocrx_word' id='word_1_338' title='bbox 1004 3154 1233 3231; x_wconf 72' lang='lat' dir='ltr'><strong>honorificam</strong></span> <span class='ocrx_word' id='word_1_339' title='bbox 1385 3160 1546 3235; x_wconf 73' lang='lat' dir='ltr'><strong>intelligitur</strong></span> <span class='ocrx_word' id='word_1_340' title='bbox 1558 3181 1588 3216; x_wconf 81' lang='lat' dir='ltr'><strong>es</strong></span> <span class='ocrx_word' id='word_1_341' title='bbox 1601 3160 1685 3216; x_wconf 77' lang='lat' dir='ltr'><strong>altera</strong></span> <span class='ocrx_word' id='word_1_342' title='bbox 1697 3163 1794 3218; x_wconf 84' lang='lat' dir='ltr'><strong>horum</strong></span> <span class='ocrx_word' id='word_1_343' title='bbox 1812 3161 1958 3216; x_wconf 79' lang='lat' dir='ltr'><strong>hommum</strong></span> <span class='ocrx_word' id='word_1_344' title='bbox 1971 3163 2101 3234; x_wconf 82' lang='lat' dir='ltr'><strong>epistola,</strong></span> <span class='ocrx_word' id='word_1_345' title='bbox 2125 3183 2208 3233; x_wconf 78' lang='lat' dir='ltr'><strong>qoem</strong></span> <span class='ocrx_word' id='word_1_346' title='bbox 2222 3169 2269 3220; x_wconf 83' lang='lat' dir='ltr'><strong>io·</strong></span> 
     </span>
    </p>
   </div>
   <div class='ocr_carea' id='block_1_10' title="bbox 1383 3227 2266 3304">
    <p class='ocr_par' dir='ltr' id='par_1_27' title="bbox 1383 3227 2266 3304">
     <span class='ocr_line' id='line_1_41' title="bbox 1383 3227 2266 3304; baseline 0.005 -20"><span class='ocrx_word' id='word_1_347' title='bbox 1383 3227 1425 3284; x_wconf 76' lang='lat' dir='ltr'><strong>ira</strong></span> <span class='ocrx_word' id='word_1_348' title='bbox 1439 3232 1466 3287; x_wconf 93' lang='lat' dir='ltr'><strong>d.</strong></span> <span class='ocrx_word' id='word_1_349' title='bbox 1484 3232 1528 3288; x_wconf 83' lang='lat' dir='ltr'><strong>st.</strong></span> <span class='ocrx_word' id='word_1_350' title='bbox 1541 3232 1621 3286; x_wconf 81' lang='lat' dir='ltr'><strong>Febr.</strong></span> <span class='ocrx_word' id='word_1_351' title='bbox 1633 3248 1677 3288; x_wconf 84' lang='lat' dir='ltr'><strong>an.</strong></span> <span class='ocrx_word' id='word_1_352' title='bbox 1691 3231 1768 3291; x_wconf 71' lang='grc'><strong>1565.</strong></span> <span class='ocrx_word' id='word_1_353' title='bbox 1784 3231 1924 3299; x_wconf 78' lang='lat' dir='ltr'><strong>dedimus,</strong></span> <span class='ocrx_word' id='word_1_354' title='bbox 1948 3247 1980 3283; x_wconf 79' lang='lat' dir='ltr'><strong>es</strong></span> <span class='ocrx_word' id='word_1_355' title='bbox 1993 3251 2044 3304; x_wconf 79' lang='lat' dir='ltr'><strong>qua</strong></span> <span class='ocrx_word' id='word_1_356' title='bbox 2055 3234 2134 3286; x_wconf 79' lang='lat' dir='ltr'><strong>etiam</strong></span> <span class='ocrx_word' id='word_1_357' title='bbox 2148 3232 2266 3287; x_wconf 81' lang='lat' dir='ltr'><strong>Paulam</strong></span> 
     </span>
    </p>
   </div>
   <div class='ocr_carea' id='block_1_11' title="bbox 249 3255 2145 3373">
    <p class='ocr_par' dir='ltr' id='par_1_28' title="bbox 249 3255 2145 3373">
     <span class='ocr_line' id='line_1_42' title="bbox 249 3255 2145 3373; baseline 0 -42"><span class='ocrx_word' id='word_1_358' title='bbox 249 3258 305 3331; x_wconf 87' lang='lat' dir='ltr'><strong>tui</strong></span> <span class='ocrx_word' id='word_1_359' title='bbox 322 3258 537 3328; x_wconf 88' lang='lat' dir='ltr'><strong>mentionem</strong></span> <span class='ocrx_word' id='word_1_360' title='bbox 552 3255 698 3332; x_wconf 82' lang='lat' dir='ltr'><strong>iaciunt.</strong></span> <span class='ocrx_word' id='word_1_361' title='bbox 732 3255 891 3348; x_wconf 80' lang='lat' dir='ltr'><strong>Pegellas</strong></span> <span class='ocrx_word' id='word_1_362' title='bbox 905 3261 1008 3330; x_wconf 90' lang='lat' dir='ltr'><strong>vobis</strong></span> <span class='ocrx_word' id='word_1_363' title='bbox 1021 3261 1136 3341; x_wconf 88' lang='lat' dir='ltr'><strong>mitto,</strong></span> <span class='ocrx_word' id='word_1_364' title='bbox 1155 3284 1233 3331; x_wconf 91' lang='lat' dir='ltr'><strong>meo</strong></span> <span class='ocrx_word' id='word_1_365' title='bbox 1384 3298 1504 3354; x_wconf 53' lang='lat' dir='ltr'><strong>mm,</strong></span> <span class='ocrx_word' id='word_1_366' title='bbox 1519 3297 1585 3354; x_wconf 79' lang='lat' dir='ltr'><strong>huie</strong></span> <span class='ocrx_word' id='word_1_367' title='bbox 1599 3300 1728 3369; x_wconf 55' lang='lat' dir='ltr'><strong>„mom</strong></span> <span class='ocrx_word' id='word_1_368' title='bbox 1744 3300 1949 3372; x_wconf 46' lang='lat' dir='ltr'><strong>mmm,</strong></span> <span class='ocrx_word' id='word_1_369' title='bbox 1965 3304 2145 3373; x_wconf 69' lang='lat' dir='ltr'><strong>cognomine.</strong></span> 
     </span>
    </p>
   </div>
   <div class='ocr_carea' id='block_1_12' title="bbox 250 3350 2295 3755">
    <p class='ocr_par' dir='ltr' id='par_1_29' title="bbox 250 3350 2295 3755">
     <span class='ocr_line' id='line_1_43' title="bbox 250 3350 1233 3451; baseline 0 -21"><span class='ocrx_word' id='word_1_370' title='bbox 250 3382 368 3439; x_wconf 85' lang='lat' dir='ltr'><strong>more,</strong></span> <span class='ocrx_word' id='word_1_371' title='bbox 392 3381 482 3451; x_wconf 90' lang='lat' dir='ltr'><strong>quae</strong></span> <span class='ocrx_word' id='word_1_372' title='bbox 498 3350 711 3428; x_wconf 81' lang='lat' dir='ltr'><strong>Academiae</strong></span> <span class='ocrx_word' id='word_1_373' title='bbox 728 3359 843 3429; x_wconf 83' lang='lat' dir='ltr'><strong>studia</strong></span> <span class='ocrx_word' id='word_1_374' title='bbox 861 3363 1064 3434; x_wconf 87' lang='lat' dir='ltr'><strong>ostendunt.</strong></span> <span class='ocrx_word' id='word_1_375' title='bbox 1113 3359 1233 3431; x_wconf 88' lang='lat' dir='ltr'><strong>Metus</strong></span> 
     </span>
     <span class='ocr_line' id='line_1_44' title="bbox 250 3446 2237 3552; baseline -0.003 -23"><span class='ocrx_word' id='word_1_376' title='bbox 250 3481 386 3529; x_wconf 88' lang='lat' dir='ltr'><strong>novum</strong></span> <span class='ocrx_word' id='word_1_377' title='bbox 408 3458 561 3542; x_wconf 85' lang='lat' dir='ltr'><strong>bellum,</strong></span> <span class='ocrx_word' id='word_1_378' title='bbox 593 3459 638 3527; x_wconf 88' lang='lat' dir='ltr'><strong>de</strong></span> <span class='ocrx_word' id='word_1_379' title='bbox 663 3484 733 3551; x_wconf 90' lang='lat' dir='ltr'><strong>quo</strong></span> <span class='ocrx_word' id='word_1_380' title='bbox 758 3460 861 3551; x_wconf 89' lang='lat' dir='ltr'><strong>plura</strong></span> <span class='ocrx_word' id='word_1_381' title='bbox 881 3462 968 3532; x_wconf 89' lang='lat' dir='ltr'><strong>scire</strong></span> <span class='ocrx_word' id='word_1_382' title='bbox 983 3476 1093 3552; x_wconf 88' lang='lat' dir='ltr'><strong>potes.</strong></span> <span class='ocrx_word' id='word_1_383' title='bbox 1143 3460 1233 3532; x_wconf 88' lang='lat' dir='ltr'><strong>Nam</strong></span> <span class='ocrx_word' id='word_1_384' title='bbox 1308 3447 1493 3546; x_wconf 82' lang='lat' dir='ltr'><strong>Scriptum</strong></span> <span class='ocrx_word' id='word_1_385' title='bbox 1523 3448 1578 3525; x_wconf 90' lang='lat' dir='ltr'><strong>D.</strong></span> <span class='ocrx_word' id='word_1_386' title='bbox 1605 3446 1795 3551; x_wconf 77' lang='lat' dir='ltr'><strong>Philippi,</strong></span> <span class='ocrx_word' id='word_1_387' title='bbox 1827 3446 1885 3523; x_wconf 84' lang='lat' dir='ltr'><strong>ad</strong></span> <span class='ocrx_word' id='word_1_388' title='bbox 1903 3447 2169 3551; x_wconf 78' lang='lat' dir='ltr'><strong>praedicatores</strong></span> <span class='ocrx_word' id='word_1_389' title='bbox 2197 3455 2237 3523; x_wconf 87' lang='lat' dir='ltr'><strong>in</strong></span> 
     </span>
     <span class='ocr_line' id='line_1_45' title="bbox 250 3547 2295 3653; baseline 0.003 -24"><span class='ocrx_word' id='word_1_390' title='bbox 250 3558 346 3649; x_wconf 79' lang='lat' dir='ltr'><strong>apud</strong></span> <span class='ocrx_word' id='word_1_391' title='bbox 372 3580 435 3629; x_wconf 77' lang='lat' dir='ltr'><strong>voc</strong></span> <span class='ocrx_word' id='word_1_392' title='bbox 466 3558 586 3648; x_wconf 78' lang='lat' dir='ltr'><strong>colligi</strong></span> <span class='ocrx_word' id='word_1_393' title='bbox 615 3559 735 3651; x_wconf 74' lang='lat' dir='ltr'><strong>copias</strong></span> <span class='ocrx_word' id='word_1_394' title='bbox 758 3551 897 3631; x_wconf 56' lang='lat' dir='ltr'><strong>Conciti</strong></span> <span class='ocrx_word' id='word_1_395' title='bbox 916 3556 1065 3632; x_wconf 78' lang='lat' dir='ltr'><strong>Altera</strong></span> <span class='ocrx_word' id='word_1_396' title='bbox 1093 3562 1234 3637; x_wconf 79' lang='lat' dir='ltr'><strong>dicitur.</strong></span> <span class='ocrx_word' id='word_1_397' title='bbox 1332 3547 1523 3637; x_wconf 79' lang='lat' dir='ltr'><strong>Francia.</strong></span> <span class='ocrx_word' id='word_1_398' title='bbox 1550 3549 1601 3625; x_wconf 81' lang='lat' dir='ltr'><strong>de</strong></span> <span class='ocrx_word' id='word_1_399' title='bbox 1631 3555 1884 3627; x_wconf 75' lang='lat' dir='ltr'><strong>elevatione</strong></span> <span class='ocrx_word' id='word_1_400' title='bbox 1912 3552 2214 3630; x_wconf 75' lang='lat' dir='ltr'><strong>Sacramenti.</strong></span> <span class='ocrx_word' id='word_1_401' title='bbox 2293 3649 2295 3653; x_wconf 11' lang='lat' dir='ltr'>y</span> 
     </span>
     <span class='ocr_line' id='line_1_46' title="bbox 251 3652 1234 3755; baseline 0.009 -26"><span class='ocrx_word' id='word_1_402' title='bbox 251 3652 330 3729; x_wconf 92' lang='lat' dir='ltr'><strong>Oro</strong></span> <span class='ocrx_word' id='word_1_403' title='bbox 344 3654 384 3731; x_wconf 78' lang='lat' dir='ltr'><strong>E.</strong></span> <span class='ocrx_word' id='word_1_404' title='bbox 401 3654 446 3730; x_wconf 90' lang='lat' dir='ltr'><strong>D.</strong></span> <span class='ocrx_word' id='word_1_405' title='bbox 464 3669 504 3729; x_wconf 88' lang='lat' dir='ltr'><strong>ut</strong></span> <span class='ocrx_word' id='word_1_406' title='bbox 517 3680 583 3729; x_wconf 90' lang='lat' dir='ltr'><strong>uos</strong></span> <span class='ocrx_word' id='word_1_407' title='bbox 600 3684 724 3731; x_wconf 90' lang='lat' dir='ltr'><strong>omnes</strong></span> <span class='ocrx_word' id='word_1_408' title='bbox 738 3662 910 3750; x_wconf 80' lang='lat' dir='ltr'><strong>gubernet</strong></span> <span class='ocrx_word' id='word_1_409' title='bbox 924 3687 964 3735; x_wconf 87' lang='lat' dir='ltr'><strong>ac</strong></span> <span class='ocrx_word' id='word_1_410' title='bbox 983 3677 1142 3755; x_wconf 79' lang='lat' dir='ltr'><strong>protegat</strong></span> <span class='ocrx_word' id='word_1_411' title='bbox 1157 3686 1234 3740; x_wconf 83' lang='lat' dir='ltr'><strong>nos.</strong></span> 
     </span>
    </p>
   </div>
   <div class='ocr_carea' id='block_1_13' title="bbox 249 3705 2268 3855">
    <p class='ocr_par' dir='ltr' id='par_1_30' title="bbox 249 3705 2268 3855">
     <span class='ocr_line' id='line_1_47' title="bbox 249 3705 2268 3855; baseline -0.013 -44"><span class='ocrx_word' id='word_1_412' title='bbox 249 3752 346 3829; x_wconf 65' lang='lat' dir='ltr'><strong>Bene</strong></span> <span class='ocrx_word' id='word_1_413' title='bbox 363 3771 398 3831; x_wconf 45' lang='grc' dir='ltr'><strong>εἰ</strong></span> <span class='ocrx_word' id='word_1_414' title='bbox 413 3758 563 3833; x_wconf 53' lang='lat' dir='ltr'><strong>feliciter</strong></span> <span class='ocrx_word' id='word_1_415' title='bbox 580 3761 667 3841; x_wconf 50' lang='lat' dir='ltr'><strong>vale·</strong></span> <span class='ocrx_word' id='word_1_416' title='bbox 717 3757 786 3832; x_wconf 62' lang='lat' dir='ltr'><strong>Die</strong></span> <span class='ocrx_word' id='word_1_417' title='bbox 800 3758 974 3855; x_wconf 53' lang='lat' dir='ltr'><strong>stephani</strong></span> <span class='ocrx_word' id='word_1_418' title='bbox 991 3759 1100 3834; x_wconf 47' lang='lat'>1555·</span> <span class='ocrx_word' id='word_1_419' title='bbox 1282 3705 1398 3787; x_wconf 83' lang='lat' dir='ltr'><strong>Anno</strong></span> <span class='ocrx_word' id='word_1_420' title='bbox 1417 3712 1525 3787; x_wconf 77' lang='lat'><strong>1542.</strong></span> <span class='ocrx_word' id='word_1_421' title='bbox 1547 3708 1733 3788; x_wconf 78' lang='lat' dir='ltr'><strong>Latheras</strong></span> <span class='ocrx_word' id='word_1_422' title='bbox 1754 3740 1818 3789; x_wconf 89' lang='lat' dir='ltr'><strong>suo</strong></span> <span class='ocrx_word' id='word_1_423' title='bbox 1836 3716 1990 3803; x_wconf 90' lang='lat' dir='ltr'><strong>iudicio,</strong></span> <span class='ocrx_word' id='word_1_424' title='bbox 2016 3741 2090 3787; x_wconf 91' lang='lat' dir='ltr'><strong>non</strong></span> <span class='ocrx_word' id='word_1_425' title='bbox 2105 3716 2212 3788; x_wconf 86' lang='lat' dir='ltr'><strong>relata</strong></span> <span class='ocrx_word' id='word_1_426' title='bbox 2230 3740 2268 3785; x_wconf 89' lang='lat' dir='ltr'><strong>re</strong></span> 
     </span>
    </p>
   </div>
   <div class='ocr_carea' id='block_1_14' title="bbox 984 3813 2270 4215">
    <p class='ocr_par' dir='ltr' id='par_1_31' title="bbox 984 3813 2270 4215">
     <span class='ocr_line' id='line_1_48' title="bbox 1043 3813 2270 3914; baseline -0.002 -26"><span class='ocrx_word' id='word_1_427' title='bbox 1043 3897 1079 3914; x_wconf 91' lang='lat'><strong>..</strong></span> <span class='ocrx_word' id='word_1_428' title='bbox 1282 3820 1328 3887; x_wconf 89' lang='lat' dir='ltr'><strong>ad</strong></span> <span class='ocrx_word' id='word_1_429' title='bbox 1349 3819 1500 3888; x_wconf 87' lang='lat' dir='ltr'><strong>aliorum</strong></span> <span class='ocrx_word' id='word_1_430' title='bbox 1525 3818 1833 3904; x_wconf 89' lang='lat' dir='ltr'><strong>deliberationem,</strong></span> <span class='ocrx_word' id='word_1_431' title='bbox 1863 3818 1965 3889; x_wconf 89' lang='lat' dir='ltr'><strong>iussit</strong></span> <span class='ocrx_word' id='word_1_432' title='bbox 1984 3818 2099 3888; x_wconf 87' lang='lat' dir='ltr'><strong>omitti</strong></span> <span class='ocrx_word' id='word_1_433' title='bbox 2124 3813 2270 3909; x_wconf 88' lang='lat' dir='ltr'><strong>ritum&#39;)</strong></span> 
     </span>
     <span class='ocr_line' id='line_1_49' title="bbox 984 3892 2268 4011; baseline -0.002 -22"><span class='ocrx_word' id='word_1_434' title='bbox 984 3892 1184 3989; x_wconf 56' lang='lat' dir='ltr'><strong>Ph¹¹¹PP⁰h</strong></span> <span class='ocrx_word' id='word_1_435' title='bbox 1283 3918 1425 3987; x_wconf 83' lang='lat' dir='ltr'><strong>levandi</strong></span> <span class='ocrx_word' id='word_1_436' title='bbox 1451 3919 1729 3991; x_wconf 88' lang='lat' dir='ltr'><strong>Sacramentum.</strong></span> <span class='ocrx_word' id='word_1_437' title='bbox 1788 3917 1878 3989; x_wconf 88' lang='lat' dir='ltr'><strong>Cum</strong></span> <span class='ocrx_word' id='word_1_438' title='bbox 1899 3932 2014 3988; x_wconf 87' lang='lat' dir='ltr'><strong>autem</strong></span> <span class='ocrx_word' id='word_1_439' title='bbox 2036 3930 2268 4011; x_wconf 88' lang='lat' dir='ltr'><strong>sequerentur</strong></span> 
     </span>
     <span class='ocr_line' id='line_1_50' title="bbox 1283 4012 2269 4112; baseline 0 -26"><span class='ocrx_word' id='word_1_440' title='bbox 1283 4035 1474 4090; x_wconf 85' lang='lat' dir='ltr'><strong>venenatae</strong></span> <span class='ocrx_word' id='word_1_441' title='bbox 1490 4016 1789 4112; x_wconf 89' lang='lat' dir='ltr'><strong>reprehensiones,</strong></span> <span class='ocrx_word' id='word_1_442' title='bbox 1816 4033 1850 4090; x_wconf 93' lang='lat' dir='ltr'><strong>et</strong></span> <span class='ocrx_word' id='word_1_443' title='bbox 1866 4017 2029 4089; x_wconf 86' lang='lat' dir='ltr'><strong>venirent</strong></span> <span class='ocrx_word' id='word_1_444' title='bbox 2042 4020 2087 4087; x_wconf 84' lang='lat' dir='ltr'><strong>ad</strong></span> <span class='ocrx_word' id='word_1_445' title='bbox 2103 4040 2185 4089; x_wconf 90' lang='lat' dir='ltr'><strong>eum</strong></span> <span class='ocrx_word' id='word_1_446' title='bbox 2201 4012 2269 4087; x_wconf 88' lang='lat' dir='ltr'><strong>ho-</strong></span> 
     </span>
     <span class='ocr_line' id='line_1_51' title="bbox 1283 4114 2268 4215; baseline 0.001 -27"><span class='ocrx_word' id='word_1_447' title='bbox 1283 4120 1390 4212; x_wconf 80' lang='lat' dir='ltr'><strong>spite&#39;s</strong></span> <span class='ocrx_word' id='word_1_448' title='bbox 1417 4120 1540 4205; x_wconf 89' lang='lat' dir='ltr'><strong>multi,</strong></span> <span class='ocrx_word' id='word_1_449' title='bbox 1579 4144 1729 4214; x_wconf 89' lang='lat' dir='ltr'><strong>quorum</strong></span> <span class='ocrx_word' id='word_1_450' title='bbox 1752 4121 1889 4215; x_wconf 88' lang='lat' dir='ltr'><strong>aliquos</strong></span> <span class='ocrx_word' id='word_1_451' title='bbox 1909 4117 2096 4189; x_wconf 88' lang='lat' dir='ltr'><strong>nominare</strong></span> <span class='ocrx_word' id='word_1_452' title='bbox 2119 4114 2268 4211; x_wconf 79' lang='lat' dir='ltr'><strong>possem,</strong></span> 
     </span>
    </p>
   </div>
   <div class='ocr_carea' id='block_1_15' title="bbox 1282 4215 2267 4306">
    <p class='ocr_par' dir='ltr' id='par_1_32' title="bbox 1282 4215 2267 4306">
     <span class='ocr_line' id='line_1_52' title="bbox 1282 4215 2267 4306; baseline -0.002 -17"><span class='ocrx_word' id='word_1_453' title='bbox 1282 4223 1387 4292; x_wconf 90' lang='lat' dir='ltr'><strong>etiarn</strong></span> <span class='ocrx_word' id='word_1_454' title='bbox 1401 4221 1594 4292; x_wconf 85' lang='lat' dir='ltr'><strong>insuaviter</strong></span> <span class='ocrx_word' id='word_1_455' title='bbox 1608 4221 1821 4294; x_wconf 91' lang='lat' dir='ltr'><strong>sciscitantes</strong></span> <span class='ocrx_word' id='word_1_456' title='bbox 1836 4244 1988 4306; x_wconf 59' lang='lat' dir='ltr'><strong>cauum,</strong></span> <span class='ocrx_word' id='word_1_457' title='bbox 2013 4219 2063 4290; x_wconf 92' lang='lat' dir='ltr'><strong>ait</strong></span> <span class='ocrx_word' id='word_1_458' title='bbox 2077 4243 2113 4290; x_wconf 88' lang='lat' dir='ltr'><strong>se</strong></span> <span class='ocrx_word' id='word_1_459' title='bbox 2129 4215 2185 4288; x_wconf 89' lang='lat' dir='ltr'><strong>his</strong></span> <span class='ocrx_word' id='word_1_460' title='bbox 2201 4220 2267 4290; x_wconf 91' lang='lat' dir='ltr'><strong>tri-</strong></span> 
     </span>
    </p>
   </div>
   <div class='ocr_carea' id='block_1_16' title="bbox 255 4281 1726 4418">
    <p class='ocr_par' dir='ltr' id='par_1_33' title="bbox 255 4281 1726 4418">
     <span class='ocr_line' id='line_1_53' title="bbox 255 4281 1726 4418; baseline 0.021 -55"><span class='ocrx_word' id='word_1_461' title='bbox 255 4281 467 4417; x_wconf 61' lang='lat' dir='ltr'>Q</span> <span class='ocrx_word' id='word_1_462' title='bbox 1057 4292 1228 4418; x_wconf 55' lang='lat' dir='ltr'><em>Q</em></span> <span class='ocrx_word' id='word_1_463' title='bbox 1282 4324 1349 4392; x_wconf 93' lang='lat' dir='ltr'><strong>bus</strong></span> <span class='ocrx_word' id='word_1_464' title='bbox 1364 4323 1477 4391; x_wconf 88' lang='lat' dir='ltr'><strong>causis</strong></span> <span class='ocrx_word' id='word_1_465' title='bbox 1491 4336 1626 4392; x_wconf 87' lang='lat' dir='ltr'><strong>motum</strong></span> <span class='ocrx_word' id='word_1_466' title='bbox 1643 4345 1726 4395; x_wconf 86' lang='lat' dir='ltr'><strong>esse.</strong></span> 
     </span>
    </p>
   </div>
   <div class='ocr_carea' id='block_1_17' title="bbox 480 4431 2265 4836">
    <p class='ocr_par' dir='ltr' id='par_1_34' title="bbox 316 4431 2265 4836">
     <span class='ocr_line' id='line_1_54' title="bbox 1304 4431 2265 4529; baseline -0.001 -23"><span class='ocrx_word' id='word_1_467' title='bbox 1304 4484 1311 4490; x_wconf 85' lang='lat'>-</span> <span class='ocrx_word' id='word_1_468' title='bbox 1384 4435 1539 4507; x_wconf 84' lang='lat' dir='ltr'><strong>Primam</strong></span> <span class='ocrx_word' id='word_1_469' title='bbox 1553 4438 1691 4508; x_wconf 86' lang='lat' dir='ltr'><strong>dicebat</strong></span> <span class='ocrx_word' id='word_1_470' title='bbox 1707 4459 1780 4507; x_wconf 89' lang='lat' dir='ltr'><strong>esse</strong></span> <span class='ocrx_word' id='word_1_471' title='bbox 1798 4431 1846 4529; x_wconf 83' lang='lat'><strong>²),</strong></span> <span class='ocrx_word' id='word_1_472' title='bbox 1878 4461 1958 4508; x_wconf 90' lang='lat' dir='ltr'><strong>cum</strong></span> <span class='ocrx_word' id='word_1_473' title='bbox 1980 4437 2136 4508; x_wconf 90' lang='lat' dir='ltr'><strong>tollenda</strong></span> <span class='ocrx_word' id='word_1_474' title='bbox 2158 4435 2204 4505; x_wconf 87' lang='lat' dir='ltr'><strong>sit</strong></span> <span class='ocrx_word' id='word_1_475' title='bbox 2225 4440 2265 4505; x_wconf 80' lang='lat' dir='ltr'><strong>ex&#39;</strong></span> 
     </span>
     <span class='ocr_line' id='line_1_55' title="bbox 542 4480 2265 4629; baseline -0.001 -22"><span class='ocrx_word' id='word_1_476' title='bbox 542 4480 694 4567; x_wconf 58' lang='lat' dir='ltr'><em>bach·</em></span> <span class='ocrx_word' id='word_1_477' title='bbox 720 4485 931 4571; x_wconf 62' lang='lat' dir='ltr'><strong>Mmm</strong></span> <span class='ocrx_word' id='word_1_478' title='bbox 1283 4533 1439 4608; x_wconf 85' lang='lat' dir='ltr'><strong>Ecclesia</strong></span> <span class='ocrx_word' id='word_1_479' title='bbox 1461 4538 1639 4628; x_wconf 88' lang='lat' dir='ltr'><strong>persuasio</strong></span> <span class='ocrx_word' id='word_1_480' title='bbox 1660 4538 1785 4629; x_wconf 89' lang='lat' dir='ltr'><strong>impia,</strong></span> <span class='ocrx_word' id='word_1_481' title='bbox 1819 4538 1953 4628; x_wconf 78' lang='lat' dir='ltr'><strong>lingens</strong></span> <span class='ocrx_word' id='word_1_482' title='bbox 1978 4536 2189 4607; x_wconf 86' lang='lat' dir='ltr'><strong>sacrificulos</strong></span> <span class='ocrx_word' id='word_1_483' title='bbox 2210 4537 2265 4605; x_wconf 81' lang='lat' dir='ltr'><strong>oi·</strong></span> 
     </span>
     <span class='ocr_line' id='line_1_56' title="bbox 480 4632 2150 4836; baseline 0.001 -29.916"><span class='ocrx_word' id='word_1_484' title='bbox 480 4667 517 4725; x_wconf 44' lang='lat' dir='ltr'><strong>¹ss</strong></span> <span class='ocrx_word' id='word_1_485' title='bbox 534 4685 562 4742; x_wconf 86' lang='lat'><strong>..</strong></span> <span class='ocrx_word' id='word_1_486' title='bbox 1280 4632 2263 4836; x_wconf 48' lang='lat' dir='ltr'><strong>bl.</strong></span> 
     </span>
    </p>
   </div>
   <div class='ocr_carea' id='block_1_18' title="bbox 460 4834 1484 4929">
    <p class='ocr_par' dir='ltr' id='par_1_35' title="bbox 460 4834 1484 4929">
     <span class='ocr_line' id='line_1_57' title="bbox 460 4834 1484 4929; baseline 0.008 -16"><span class='ocrx_word' id='word_1_487' title='bbox 460 4838 515 4919; x_wconf 88' lang='lat' dir='ltr'><strong>D.</strong></span> <span class='ocrx_word' id='word_1_488' title='bbox 541 4834 789 4918; x_wconf 73' lang='lat' dir='ltr'><strong>Ioashimo</strong></span> <span class='ocrx_word' id='word_1_489' title='bbox 813 4842 1021 4920; x_wconf 86' lang='lat' dir='ltr'><strong>Mollero</strong></span> <span class='ocrx_word' id='word_1_490' title='bbox 1280 4913 1484 4929; x_wconf 45' lang='lat' dir='ltr'><strong>w...</strong></span> 
     </span>
    </p>
   </div>
   <div class='ocr_carea' id='block_1_19' title="bbox 246 4997 2261 5092">
    <p class='ocr_par' dir='ltr' id='par_1_36' title="bbox 246 4997 2261 5092">
     <span class='ocr_line' id='line_1_58' title="bbox 246 4997 2261 5092; baseline -0.004 -9"><span class='ocrx_word' id='word_1_491' title='bbox 246 4997 294 5083; x_wconf 68' lang='grc' dir='ltr'><strong>Β.</strong></span> <span class='ocrx_word' id='word_1_492' title='bbox 319 5003 365 5081; x_wconf 92' lang='lat' dir='ltr'><strong>D.</strong></span> <span class='ocrx_word' id='word_1_493' title='bbox 415 5006 617 5081; x_wconf 88' lang='lat' dir='ltr'><strong>Clarissime</strong></span> <span class='ocrx_word' id='word_1_494' title='bbox 635 5011 692 5080; x_wconf 88' lang='lat' dir='ltr'><strong>vir</strong></span> <span class='ocrx_word' id='word_1_495' title='bbox 709 5002 743 5083; x_wconf 81' lang='lat' dir='ltr'><strong>et</strong></span> <span class='ocrx_word' id='word_1_496' title='bbox 758 5009 961 5084; x_wconf 87' lang='lat' dir='ltr'><strong>charissime</strong></span> <span class='ocrx_word' id='word_1_497' title='bbox 975 5015 1094 5090; x_wconf 83' lang='lat' dir='ltr'><strong>irater.</strong></span> <span class='ocrx_word' id='word_1_498' title='bbox 1147 5008 1229 5092; x_wconf 85' lang='lat' dir='ltr'><strong>Scio</strong></span> <span class='ocrx_word' id='word_1_499' title='bbox 1314 5012 1342 5084; x_wconf 75' lang='grc' dir='ltr'><strong>ι1</strong></span> <span class='ocrx_word' id='word_1_500' title='bbox 1361 5012 1489 5069; x_wconf 48' lang='lat' dir='ltr'><strong>Peraea</strong></span> <span class='ocrx_word' id='word_1_501' title='bbox 1507 5011 1644 5080; x_wconf 59' lang='lat' dir='ltr'><strong>offensae</strong></span> <span class='ocrx_word' id='word_1_502' title='bbox 1656 5031 1707 5072; x_wconf 77' lang='lat' dir='ltr'><strong>seu</strong></span> <span class='ocrx_word' id='word_1_503' title='bbox 1724 5015 1855 5074; x_wconf 71' lang='lat' dir='ltr'><strong>emt.-</strong></span> <span class='ocrx_word' id='word_1_504' title='bbox 1879 5010 2069 5087; x_wconf 72' lang='lat' dir='ltr'><strong>sedtiuelrle</strong></span> <span class='ocrx_word' id='word_1_505' title='bbox 2087 5010 2172 5063; x_wconf 61' lang='grc' dir='ltr'><strong>’Μ</strong></span> <span class='ocrx_word' id='word_1_506' title='bbox 2191 5005 2261 5075; x_wconf 64' lang='grc' dir='ltr'><strong>ψ·</strong></span> 
     </span>
    </p>
   </div>
   <div class='ocr_carea' id='block_1_20' title="bbox 245 5084 1729 5237">
    <p class='ocr_par' dir='ltr' id='par_1_37' title="bbox 245 5084 1729 5237">
     <span class='ocr_line' id='line_1_59' title="bbox 245 5084 1729 5237; baseline 0.007 -56"><span class='ocrx_word' id='word_1_507' title='bbox 245 5125 281 5198; x_wconf 88' lang='lat' dir='ltr'><strong>te</strong></span> <span class='ocrx_word' id='word_1_508' title='bbox 301 5109 504 5179; x_wconf 86' lang='lat' dir='ltr'><strong>meminisse</strong></span> <span class='ocrx_word' id='word_1_509' title='bbox 526 5104 768 5185; x_wconf 80' lang='lat' dir='ltr'><strong>Pindaricum</strong></span> <span class='ocrx_word' id='word_1_510' title='bbox 791 5114 896 5185; x_wconf 90' lang='lat' dir='ltr'><strong>illud:</strong></span> <span class='ocrx_word' id='word_1_511' title='bbox 929 5108 1062 5199; x_wconf 79' lang='lat' dir='ltr'><strong>Facile</strong></span> <span class='ocrx_word' id='word_1_512' title='bbox 1083 5128 1134 5190; x_wconf 79' lang='lat' dir='ltr'><strong>est</strong></span> <span class='ocrx_word' id='word_1_513' title='bbox 1149 5143 1227 5192; x_wconf 88' lang='lat' dir='ltr'><strong>mo·</strong></span> <span class='ocrx_word' id='word_1_514' title='bbox 1310 5084 1599 5237; x_wconf 51' lang='lat' dir='ltr'><strong>,sffl‘m</strong></span> <span class='ocrx_word' id='word_1_515' title='bbox 1612 5169 1729 5225; x_wconf 46' lang='lat' dir='ltr'><strong>,hm</strong></span> 
     </span>
    </p>
   </div>
   <div class='ocr_carea' id='block_1_21' title="bbox 246 5205 1494 5324">
    <p class='ocr_par' dir='ltr' id='par_1_38' title="bbox 246 5205 1494 5324">
     <span class='ocr_line' id='line_1_60' title="bbox 246 5205 1494 5324; baseline 0.017 -45"><span class='ocrx_word' id='word_1_516' title='bbox 246 5232 319 5280; x_wconf 73' lang='lat' dir='ltr'><strong>rere</strong></span> <span class='ocrx_word' id='word_1_517' title='bbox 336 5207 538 5295; x_wconf 81' lang='lat' dir='ltr'><strong>civitatem,</strong></span> <span class='ocrx_word' id='word_1_518' title='bbox 559 5205 629 5283; x_wconf 83' lang='lat' dir='ltr'><strong>sed</strong></span> <span class='ocrx_word' id='word_1_519' title='bbox 642 5234 773 5285; x_wconf 85' lang='lat' dir='ltr'><strong>rarsas</strong></span> <span class='ocrx_word' id='word_1_520' title='bbox 785 5209 912 5286; x_wconf 81' lang='lat' dir='ltr'><strong>sedare</strong></span> <span class='ocrx_word' id='word_1_521' title='bbox 928 5226 1086 5305; x_wconf 76' lang='lat' dir='ltr'><strong>molam,</strong></span> <span class='ocrx_word' id='word_1_522' title='bbox 1108 5218 1227 5294; x_wconf 81' lang='lat' dir='ltr'><strong>salias</strong></span> <span class='ocrx_word' id='word_1_523' title='bbox 1308 5249 1340 5324; x_wconf 67' lang='lat' dir='ltr'><strong>a)</strong></span> <span class='ocrx_word' id='word_1_524' title='bbox 1359 5249 1422 5308; x_wconf 72' lang='grc' dir='ltr'><strong>ι)...</strong></span> <span class='ocrx_word' id='word_1_525' title='bbox 1437 5268 1494 5307; x_wconf 76' lang='lat' dir='ltr'><strong>eos.</strong></span> 
     </span>
    </p>
   </div>
   <div class='ocr_carea' id='block_1_22' title="bbox 0 0 2392 6021">
    <p class='ocr_par' dir='ltr' id='par_1_39' title="bbox 0 0 2392 6021">
     <span class='ocr_line' id='line_1_61' title="bbox 0 0 2392 6021; baseline 0 0"><span class='ocrx_word' id='word_1_526' title='bbox 0 0 2392 6021; x_wconf 95' lang='lat' dir='ltr'><strong> </strong></span> 
     </span>
    </p>
   </div>
  </div>
 </body>
</html>
