4776 6024
214 194 289 273 169
783 176 1214 257 EPlSTOLARUM
1263 179 1368 253 LIB.
1399 179 1483 259 ΧΠ.
1536 179 1664 260 1665.
2172 190 2246 263 170

209 363 329 463 patri,
350 382 432 431 meo
445 354 744 446 nomine'gratias
762 368 859 446 agat,
885 354 983 450 quod
1000 377 1097 424 meae
1111 352 1205 422 filiae
1355 345 1574 445 Apollinaris
1588 352 1748 429 Psalmos
1763 381 1852 452 quos
1874 382 1990 452 nuper
2005 384 2086 432 cum
2103 363 2242 434 adesses

212 462 481 541 leniredolores
497 457 643 531 studuit.
696 457 750 526 Te
764 482 906 551 quoque
921 482 1003 542 oro,
1029 470 1069 527 ut
1082 457 1204 524 eadem
1253 453 1320 523 tibi
1333 456 1471 525 tradere
1489 458 1689 544 volueram,
1713 485 1797 530 mox
1812 461 1968 537 afferam.
2021 463 2126 535 Tunc
2141 467 2240 537 enim

210 569 306 664 petri
325 585 501 656 exponas,
534 560 635 630 cuius
657 560 740 627 liliis
762 561 791 628 si
816 560 1021 630 benefacere
1047 579 1204 649 possem,
1250 555 1371 627 nescio
1397 580 1488 651 quae
1516 559 1605 628 aliae
1635 561 1863 651 cogitationes
1886 560 1977 636 hanc
2001 582 2240 650 excusserunt,

210 695 285 743 non
298 668 466 739 defutura
484 675 599 735 essent
620 661 672 730 eis
687 685 764 731 mea
784 663 918 747 officia3
944 685 984 731 ac
1004 684 1100 728 nrsnc
1120 653 1203 727 huic
1252 660 1456 750 praesertim
1474 684 1554 730 cum
1570 684 1787 754 properares.

210 768 428 846 adolescenti
445 765 581 860 aliquid
598 762 719 834 viatici
737 765 831 837 dedi.
863 762 1009 834 Utinam
1025 759 1202 831 Ecclesiae
1351 759 1421 831 Hic
1442 764 1644 832 adolescens
1659 758 1831 837 Andreas
1849 769 1944 839 filius
1965 767 2121 842 Pastoris
2139 766 2241 841 Sars-

211 871 511 947 consociationem
535 865 629 937 tueri
650 859 808 934 honestis
835 865 960 934 officiis
984 885 1107 933 omnes
1127 875 1202 932 stu·
1247 854 1537 954 gothmaniiuit
1553 867 1695 937 auditor
1709 860 1930 955 Laurentii,
1955 895 1995 940 ac
2014 887 2113 963 pater
2134 895 2240 943 senex

210 979 355 1063 decent,
379 986 415 1042 et
432 969 528 1041 docti
549 967 682 1036 iudicia
700 967 756 1057 pie
772 980 806 1036 et
822 980 982 1037 amanter
1002 965 1203 1035 conferrent
1252 988 1290 1032 ac
1309 988 1442 1055 pauper
1455 980 1550 1052 orat,
1574 992 1621 1036 ne
1640 970 1795 1060 priorem
1812 971 1929 1041 locum
1953 972 1992 1041 in
2012 987 2114 1045 coetu
2128 966 2239 1044 Lau-

210 1078 258 1149 sd
277 1096 489 1166 magnarum
505 1082 539 1139 et
557 1068 834 1138 necessariarum
856 1093 975 1137 rerum
998 1066 1202 1157 explicatio·
1252 1063 1362 1134 rentii
1374 1065 1523 1155 amittat.
1574 1066 1793 1141 Commendo
1810 1096 1891 1142 eum
1903 1074 2006 1144 vobis
2020 1089 2166 1168 propter
2181 1103 2238 1148 se-

210 1202 309 1249 nem.
372 1173 478 1244 Nunc
510 1170 616 1239 multi
658 1171 817 1260 undique
852 1181 1027 1263 quaerunt
1062 1167 1201 1236 rixandi
1250 1191 1331 1236 nem
1354 1182 1503 1257 patrem.
1554 1167 1668 1240 Filius
1689 1170 1758 1242 Dei
1778 1187 1811 1244 te
1835 1188 1871 1246 et
1891 1190 1989 1246 tuam
2010 1177 2239 1247 domesticam

212 1270 408 1377 ἀφορμὰς,
427 1267 500 1345 κᾶν
515 1270 604 1350 ὄνος
618 1265 739 1363 δάκνῃ
755 1263 873 1355 κύνα,
897 1284 931 1339 et
947 1283 1101 1340 certatur
1116 1262 1201 1336 hor·
1248 1265 1442 1338 Ecclesiam
1459 1285 1493 1340 et
1514 1272 1693 1360 publicam
1710 1287 1843 1361 servet,
1869 1278 1927 1347 die
1942 1276 2008 1352 111.
2023 1277 2237 1349 Novembris

170 1372 186 1389 ⁴
211 1380 319 1452 ribili
334 1375 515 1447 acerbitate
537 1374 738 1442 animorum
755 1387 788 1443 et
805 1373 986 1442 venenatis
1002 1369 1201 1441 calumniis.
1248 1394 1310 1439 seu
1323 1370 1468 1457 Kisleu,
1494 1375 1656 1464 quodest
1672 1371 1888 1471 ὠριωνείου.

212 1481 353 1553 Interea
366 1476 556 1566 negligitur
571 1474 756 1565 explicatio
780 1498 899 1542 rerum
915 1472 1201 1543 necessariarum.
1986 1477 2187 1575 philippus,

205 1581 283 1655 'sed
304 1603 368 1650 oro
391 1578 506 1647 filium
525 1574 613 1658 Dei,
638 1588 679 1644 ut
701 1575 775 1667 ipse
797 1577 1004 1646 vulneribus
1023 1571 1202 1643 Ecclesiae

209 1683 406 1753 medeatur·
457 1671 584 1748 Adfuit
600 1671 767 1745 Sabinus
789 1701 868 1746 cum
893 1679 1031 1747 duabus
1051 1674 1202 1758 filiabus,
1832 1728 1837 1736 .

207 1807 315 1880 quem
328 1782 360 1851 si
376 1779 554 1850 excutient
568 1779 682 1847 exilio
699 1779 824 1847 nidulo
840 1780 937 1847 sinus
945 1772 1101 1848 Balthici
1116 1798 1201 1865 pro·
1248 1753 1444 1880 Q·
2079 1769 2113 1833 4.
2131 1765 2211 1831 Nor.

207 1886 319 1957 cellae
333 1878 462 1953 harum
478 1892 742 1971 tempestatum,
767 1878 863 1949 Deus
882 1882 913 1949 ei
931 1879 1061 1952 alicubi
1079 1872 1201 1966 hospi·
1575 1943 1583 1962 ,

207 1988 300 2058 tium
317 1985 452 2056 dabie·
479 1979 576 2051 Bene
590 1982 669 2051 vale
692 1981 872 2050 carissime
894 1984 1004 2051 irater
1024 1994 1058 2050 et
1074 1979 1200 2047 rescri-
1412 1938 1580 2025 Imm
1608 1940 1827 2045 Albim),
1856 1943 1919 2026 D·
1941 1943 2069 2060 Meff·

206 2088 296 2162 him·
345 2083 463 2179 Pridm
481 2080 557 2155 cal·
569 2078 661 2156 Νῦν·
1314 2103 1337 2173 †
1355 2102 1392 2154 Er
1411 2102 1577 2175 autographo
1591 2101 1775 2156 Melenlbouis
1797 2102 1825 2156 in
1838 2101 1966 2184 T3b¹¹¹⁸¹²
1984 2122 2053 2162 secr.
2064 2102 2236 2174 sutrinensi,

718 2179 908 2276 Philippus
925 2178 1152 2255 Melanthon·
1351 2171 1514 2242 descriptae
1532 2172 1604 2227 Cler.
1616 2171 1719 2236 Euers,
1742 2171 1869 2226 tabularu
1884 2172 2030 2243 praefecto.

1261 1650 1345 1659 ...n-na

1248 2326 1274 2399 I
1275 2327 1516 2423 ilustrissimo
1527 2323 1696 2426 Principi
1708 2337 1739 2397 et
1753 2324 1934 2414 Domino,
1961 2325 2131 2402 Domino
2155 2328 2186 2401 I
2189 2356 2236 2403 o·

1247 2426 1399 2501 hanni
1422 2427 1632 2516 Alberto,
1654 2427 1758 2499 Duei
1776 2426 2104 2524 Megalburgensi,
2126 2433 2236 2530 prin-

210 2514 284 2591 Νῦ·
300 2512 415 2590 5493·
1045 2527 1077 2586 3·
1093 2516 1171 2580 ΝΜ·
1248 2532 1321 2628 cipi
1352 2540 1510 2603 vetustae
1539 2531 1661 2626 gentis
1688 2528 1929 2617 Henetorum,
1961 2541 1992 2601 et
2022 2532 2062 2602 in
2087 2529 2235 2616 Suerin,

732 2650 735 2655 '
891 2703 898 2720 ,
1247 2628 1481 2727 Slargarden
1499 2643 1531 2703 et
1545 2628 1710 2704 Rostocls
1727 2642 1787 2700 etc.
1816 2628 2066 2705 Dominusuo
2080 2631 2234 2704 clemen·

345 2814 362 2837 Ἴ
398 2800 401 2805 ,
479 2702 629 2789 Ioueb.
656 2701 936 2789 Conseruere.
1662 2732 1815 2807 sissimo.

219 2610 394 2642 Μ
1028 2607 1198 2634 Μ

198 2950 202 2959 .
275 2852 1198 2954 Epist.sacsmem.p.6761q.(ed-Loro.lib.lV.ep.815.).
1240 2877 1293 2971 S.
1318 2890 1361 2961 D.
1413 2887 1655 2959 Illustrissime
1689 2901 1722 2958 et
1755 2884 2025 2955 clementissime
2051 2884 2232 2978 Princeps.

206 3030 433 3114 Clarissimo
457 3037 535 3109 viro
559 3034 762 3109 eruditione
785 3046 817 3106 et
842 3035 971 3106 virtute
991 3020 1202 3130 praestanti
1245 2992 1324 3095 Emi
1354 3017 1434 3063 ‘¹¹¹¹'
1452 2991 1548 3059 *55⁸
1572 2991 1684 3059 d⁰⁶²i⁸
1714 2989 1753 3056 in
1780 2985 1971 3056 A⁰³d⁰m¹³
2002 2982 2232 3058 C²l⁸imdi¹¹i⁵

240 3138 326 3212 1⁰3
335 3164 352 3212 c
359 3135 454 3213 him
465 3165 486 3210 o
511 3133 548 3211 C
552 3138 763 3213 ametan-
771 3164 792 3209 0
808 3139 897 3238 sm,
900 3136 1017 3209 rimo
1039 3135 1156 3207 can-ss
1246 3093 1557 3171 vestraemaxime
1585 3091 1741 3183 colloqui
1772 3089 1974 3179 cupiebam,
2001 3101 2121 3159 tamen
2152 3113 2240 3159 cum<

594 3220 605 3239 ¹
1157 3191 1167 3212 ⁸
1246 3211 1389 3289 propter
1402 3195 1489 3265 belli
1502 3207 1634 3263 metum
1656 3188 1724 3261 hoc
1746 3205 1903 3279 tempore
1925 3190 1989 3259 diu
2010 3185 2096 3259 hinc
2111 3191 2232 3261 abesse

207 3274 256 3362 S·
276 3286 322 3362 D·
373 3285 471 3359 Ante
485 3289 636 3360 biduum
649 3291 805 3382 primum
829 3289 946 3379 accepi
963 3289 1075 3357 aulica
1096 3313 1198 3357 man·
1245 3324 1319 3369 non
1334 3298 1484 3390 possim,
1508 3292 1574 3364 hac
1589 3295 1732 3386 publica
1747 3292 1988 3362 sollicitudine
2003 3314 2099 3360 nunc
2114 3305 2233 3361 reten-

206 3392 306 3475 ἆᾶῑὸ,
336 3416 427 3485 (1⁰³2
455 3392 577 3462 iuben!
597 3417 654 3471 me
674 3394 717 3462 ad
734 3414 796 3460 V0⁵
817 3391 991 3482 PrOfiCiSCi
1014 3385 1105 3484 πρὸς
1128 3386 1196 3484 τὴν
1244 3417 1301 3473 tus
1315 3424 1407 3469 sum.
1456 3395 1537 3466 Huc
1553 3395 1704 3479 accessit,
1713 3394 1818 3486 „quod
1833 3405 1974 3461 senatus
1986 3383 2231 3483 Augustanus

204 3489 368 3574 ἐξέτασιν
402 3494 683 3577 adolescentum,
716 3494 779 3586 qui
810 3492 952 3584 publica
984 3492 1196 3562 liberalitate
1242 3497 1334 3575 mihi
1364 3490 1592 3595 Stenltseldii
1621 3498 1733 3565 libros
1765 3492 1861 3562 misit
1893 3493 2022 3586 quibus
2053 3490 2231 3564 Ecclesiae
2354 3500 2378 3525 f

207 3592 331 3660 alendi
346 3607 441 3666 sunt.
475 3590 524 3663 Et
540 3596 747 3664 deliberatio
765 3607 886 3685 nostro
902 3593 1035 3662 iudicio
1050 3593 1197 3683 permit·
1243 3602 1402 3685 suevicae
1417 3600 1618 3668 turbantur.
1669 3593 1722 3664 Ac
1738 3594 1841 3662 video
1863 3595 1994 3665 multos
2014 3617 2088 3665 esse
2110 3616 2231 3687 perso-

210 3693 361 3779 fflflide
383 3717 502 3763 ‘⁰¹⁰³‘
523 3698 770 3786 gnbffl'ssaiffle·
822 3693 960 3784 Qlffles
986 3694 1052 3763 θῑδῖ
1072 3694 1195 3763 malim
1242 3716 1343 3773 natos
1366 3699 1642 3779 Stenkefeldios,
1674 3718 1825 3789 quorum
1850 3695 1961 3785 aliqui
1985 3711 2155 3785 superant
2177 3695 2230 3765 fa-

210 3792 476 3889 d⁰¹¹¹i¹¹¹⁸¹¹⁰¹⁰a
498 3810 616 3868 ‘⁸¹¹¹‘ss
631 3796 707 3867 1³⁰⁰
723 3798 867 3866 iuvante
883 3797 927 3864 ad
944 3819 1007 3864 V⁰⁵
1022 3797 1195 3880 accedam,
1243 3806 1372 3875 cundia
1395 3802 1613 3892 magistrum.
1663 3796 1758 3868 Petit
1778 3795 1887 3883 igitur
1903 3793 2054 3864 Senatus
2077 3792 2229 3866 Refuta-

208 3918 252 3965 ³⁶
264 3895 752 3990 iiefissdffldiilrpmximdie
762 3890 992 3991 Mercurii⁴⁵)·
1020 3893 1194 3966 Existimo
1243 3908 1377 3979 tionem
1392 3905 1429 3973 in
1442 3928 1511 3998 qua
1522 3906 1566 3972 de
1576 3892 1713 3991 magnis
1728 3910 1764 3967 et
1775 3895 1979 3966 necessariis
1993 3897 2098 3964 rebus
2113 3896 2227 3986 cogito

207 4008 326 4066 autem
343 4011 377 4068 et
393 3999 461 4091 alia
478 4004 651 4093 quaedam
674 4001 901 4070 deliberanda
916 4022 989 4067 esse
1014 4000 1058 4068 de
1073 4000 1194 4069 adole·
1242 4008 1492 4099 explicationes
1506 4003 1691 4094 complecti
1709 4000 1813 4069 bonis
1827 3997 2008 4066 mentibus
2023 3996 2138 4066 utiles.
2185 3995 2228 4067 ld

207 4110 368 4168 scentum
383 4101 564 4175 exercitiis.
616 4100 800 4191 Quantum
816 4101 946 4170 reserat
967 4099 1124 4170 iuniores
1138 4124 1194 4169 as-
1241 4134 1332 4202 opus
1348 4104 1437 4179 mihi
1460 4104 1658 4177 hisdiebus
1681 4103 1772 4172 tristi
1799 4124 1880 4169 casu
1904 4099 2142 4188 interruptum
2164 4113 2226 4174 est.

204 4200 346 4270 suelieri
360 4203 404 4271 ad
419 4226 547 4287 unam,
572 4210 812 4290 communem,
839 4216 874 4272 et
890 4202 1084 4292 simplicem
1101 4196 1195 4274 ὕπο·
1242 4211 1436 4282 Amisimus
1444 4209 1537 4279 enim
1547 4206 1744 4298 principem
1753 4193 2004 4272 Anhollinum
2013 4193 2227 4294 Georgium,

202 4293 371 4373 λύπωθθν
386 4297 639 4402 sparsissem
654 4298 795 4405 λόγων»
822 4328 897 4373 1¹0ss
913 4305 1065 4395 ianm&
1116 4301 1194 4372 NU-
1241 4315 1343 4384 euius
1355 4312 1520 4382 interitus
1530 4304 1620 4377 mihi
1632 4319 1777 4399 propter
1789 4303 1916 4374 multas
1927 4325 2047 4372 causas
2059 4324 2226 4392 magnum

200 4423 267 4493 per
286 4406 381 4496 apud
396 4406 535 4474 vicinos
554 4408 665 4477 edidit
680 4407 823 4500 quidam
840 4400 904 4501 **)
919 4419 1001 4475 nata
1018 4405 1191 4495 paradoxa
1240 4417 1401 4485 dolorem
1417 4411 1546 4483 attulit.
1583 4408 1666 4479 Non
1679 4409 1793 4478 solum
1810 4419 1960 4497 patrono
1976 4405 2122 4475 orbatus
2136 4427 2227 4489 sum,

200 4504 242 4572 in
264 4503 424 4576 Zenonis
445 4508 604 4599 porticu,
629 4522 664 4577 ct
686 4510 912 4598 impudenter
929 4507 1012 4575 facit
1034 4519 1192 4577 autorem
1241 4518 1301 4585 sed
1320 4516 1425 4586 etiam
1442 4513 1618 4583 monitore
1634 4511 1784 4592 erudito,
1808 4507 1917 4590 fideli,
1940 4519 1974 4576 et
1986 4505 2119 4596 sagaci3
2145 4528 2227 4595 sepe

204 4599 455 4692 Augustinum.
503 4606 573 4678 Hic
586 4611 743 4680 fortassis
757 4609 835 4678 vult
850 4602 1105 4702 ἀκροβολίζειν
1120 4600 1192 4703 πρὸ
1241 4619 1336 4689 enim
1358 4619 1402 4686 de
1416 4615 1576 4686 doctrina
1593 4608 1675 4683 eum
1689 4636 1731 4681 ρο
1746 4608 1997 4679 deliberabam.
2047 4604 2140 4707 cnm
2158 4607 2225 4696 igi.

203 4705 273 4795 τῆς
287 4703 497 4798 μυθμαχῖας
510 4706 593 4804 περὶ
610 4705 776 4809 ἀνάγκης
789 4715 952 4803 σῖωικῆς·
1006 4709 1077 4780 Sed
1094 4734 1193 4778 tom·
1241 4735 1300 4792 tur
1320 4719 1365 4790 ad
1386 4719 1531 4788 fratrem
1552 4715 1749 4807 principem
1770 4702 2004 4780 Iooehimum
2026 4708 2227 4799 proficisce-

200 4806 338 4875 fflend⁰
354 4809 1191 4900 ¹¹⁰⁵ffli⁰D⁰ie10¹¹m0¹⁰sUlssegfflffleifflu·
1240 4847 1317 4903 rer,
1342 4816 1547 4892 inchoatum
1562 4840 1652 4909 opus
1666 4840 1742 4886 non
1764 4814 1865 4904 potui
1882 4824 2071 4901 pertexere.
2120 4808 2225 4881 Nunc

200 4904 297 4976 cium
311 4902 492 4980 Ecclesiae
511 4937 639 5007 corpus
654 4916 788 4998 foveat,
814 4928 849 4983 et
869 4937 935 4984 nos
955 4915 1071 5006 ipsum
1087 4914 1192 4985 invo-
1239 4928 1284 4995 ad
1302 4948 1358 4995 eas
1373 4944 1497 5016 operas
1512 4920 1613 4993 redii.
1629 4916 1761 5007 'Quare
1776 4939 1839 4984 oco
1854 4925 1895 4982 ut
1910 4909 2093 4982 Celsitudo
2108 4925 2223 4982 vestre

200 5021 319 5081 Μῦῑθδ
338 5011 523 5100 gubernet·
862 5074 866 5085 -
1239 5027 1328 5097 boni
1348 5027 1526 5106 consulat,
1557 5021 1654 5112 quod
1675 5015 1744 5088 hoc
1765 5006 1924 5105 tempore
1938 5036 2012 5081 non
2036 5036 2115 5084 sum
2135 5036 2222 5105 pro-

411 5112 415 5117 ·
1238 5128 1348 5195 iectus
1372 5115 1632 5205 Eustochium
1669 5140 1772 5208 spero
1805 5138 1862 5184 me
1892 5114 1963 5185 alio
1996 5128 2154 5206 tempore
2169 5136 2222 5187 ¹eo

232 5269 298 5333 ,Η
311 5290 336 5328 a.
349 5272 376 5330 d·
391 5275 419 5331 3·
433 5275 541 5333 Nm
1238 5239 1427 5294 venturum
1450 5245 1542 5307 esse,
1566 5244 1647 5290 cum
1670 5217 1866 5289 amicorum
1887 5216 2065 5311 colloquio
2086 5211 2221 5285 diutius

232 5354 282 5425 ”i
300 5356 448 5416 Masculus
460 5361 636 5419 Freneoiurti
654 5362 687 5429 C.
700 5361 759 5418 W.
874 5424 886 5437 .
1236 5323 1310 5396 frui
1324 5324 1457 5395 iicebit·
