4776 6024
164 174 237 250 uo
734 116 1170 235 urtsionanuu
1222 148 1437 225 muru.
1489 146 1620 227 coss.
2118 152 2194 229 sm

165 343 363 415 rationibus
383 334 482 434 pote'c
501 338 664 428 cogitare.
714 332 785 407 sed
806 346 842 401 te
862 331 964 402 valde
983 350 1068 407 oro,
1100 347 1145 394 ne
1198 315 1374 392 Iacobum
1388 314 1593 389 Stat-mium
1614 332 1811 391 senatorem
1829 314 2186 415 Argentoratensem,

167 442 347 516 honorem
363 442 401 511 in
417 453 591 510 certamen
610 437 764 508 adducas
776 428 836 529 ¹¹),
861 433 921 501 sed
942 428 1058 522 potius
1073 425 1146 496 dis·
1198 446 1240 490 ex
1260 417 1327 490 hac
1349 421 1492 491 mortali
1506 420 1577 490 vita
1599 422 1643 490 ad
1662 419 1841 492 Ecclesiae
1856 424 2018 495 eoelestis
2038 424 2190 496 societa-

166 548 280 620 cedas.
330 542 395 613 Sin
417 553 533 609 autem
555 553 591 610 te
609 538 811 609 tolerabunt
826 533 954 603 omissa
968 529 1148 600 mentione
1200 539 1269 593 tem
1285 535 1467 591 evocatum
1484 517 1612 615 (ποθ’).
1635 544 1742 615 quem
1757 522 1860 593 valde
1875 523 1998 594 dilexi·
2038 518 2191 597 Accedit

165 642 272 717 huius
286 642 392 726 ritus,
417 641 541 710 doceto
561 641 734 732 populum
749 638 792 705 de
806 636 1038 705 fundamento
1055 644 1090 701 et
1104 630 1148 696 de
1200 623 1308 712 igitur
1328 617 1421 690 mihi
1443 624 1488 691 ad
1511 636 1661 692 caeteras
1681 646 1888 707 aerumnas,
1919 624 2024 695 dolor
2043 642 2192 720 propter

166 768 248 815 vera
264 742 487 826 adoratione,
511 766 602 835 quae
624 741 693 810 lide
706 736 900 831 alloquitur
912 734 1027 803 Deum
1051 731 1147 799 iusta
1202 725 1397 792 multorum
1413 736 1561 792 mortem
1580 736 1614 793 ct
1636 724 1830 792 amicorum
1854 725 2003 801 luctum.
2054 725 2191 820 Scripsi

166 843 434 936 promissiones,
471 854 505 913 et
530 842 689 913 intuetur
719 836 967 929 patefactiones
999 832 1150 908 divinas,
1202 827 1245 893 ad
1263 823 1457 895 Dominum
1473 816 1518 892 dc
1533 821 1795 908 Hassenslein,
1819 827 1880 897 sed
1897 827 2064 898 breviter.
2113 825 2191 899 lam

166 960 206 1013 ut
222 945 289 1013 scis
304 939 357 1037 ¹⁸).
396 942 535 1013 Harum
552 943 784 1011 maximarum
802 959 921 1005 rerum
939 930 1149 1020 cogitatione
1197 925 1295 992 etaim
1312 925 1380 992 iter
1395 924 1575 1014 ingredior
1588 917 1778 994 Dresdam
1799 927 2022 1015 profecturus
2044 942 2192 1020 propter

165 1045 298 1134 singuli
323 1067 391 1112 nos
411 1045 505 1135 ipsos
520 1036 562 1138 ¹⁹)
590 1042 729 1112 assidue
751 1055 982 1106 exerceamus.
1043 1028 1150 1120 Quod
1203 1022 1413 1093 Academiae
1431 1026 1583 1108 reditus,
1615 1049 1704 1118 quos
1726 1026 1832 1095 nobis
1851 1028 1957 1119 cripit
1977 1026 2105 1100 Comes
2117 1028 2191 1101 At-

166 1160 286 1216 autern
307 1142 421 1213 Filius
446 1141 514 1212 Dei
543 1145 583 1211 in
607 1164 719 1230 ogone
742 1162 806 1209 suo
833 1136 948 1203 oravit
970 1144 1151 1203 aeternum

166 1244 327 1329 Patrem,
351 1258 392 1315 ut
412 1244 535 1328 faciat,
559 1255 601 1312 ut
621 1264 735 1312 unum
751 1239 863 1309 simus
880 1235 918 1303 in
938 1234 1032 1324 ipso,
1057 1231 1150 1301 idem

168 1371 265 1415 ιιιιιιο
279 1370 419 1437 quoque
434 1345 531 1436 petit.
566 1340 615 1413 Et
630 1365 696 1412 nos
712 1342 758 1410 ad
773 1334 879 1409 huius
894 1335 1024 1405 summi
1038 1356 1152 1403 sacer-

168 1448 262 1516 dotis
284 1447 522 1537 precationem
544 1456 685 1513 nostros
706 1442 856 1531 gemitus
877 1450 912 1506 et
926 1449 1007 1506 vota
1024 1436 1154 1504 adiun-

170 1571 313 1636 gamus,
346 1545 389 1615 sit
419 1547 457 1612 in
485 1547 588 1614 nobis
618 1543 722 1612 etiam
752 1538 961 1611 concordiae
986 1536 1155 1606 studium.

168 1644 247 1737 Ego
263 1670 321 1714 me
339 1647 383 1715 ab
398 1642 564 1715 Ecclesiis
581 1639 706 1713 harum
730 1643 915 1730 regionum
931 1660 1080 1727 quarum
1097 1659 1156 1703 ex-

171 1760 223 1817 tat
244 1746 417 1817 confessio
440 1740 596 1814 exhibita
614 1736 755 1814 Carolo
778 1737 989 1831 imperatori
1008 1737 1046 1805 in
1070 1758 1156 1805 con-

170 1862 278 1917 reutu
303 1840 520 1936 Augustam
541 1842 641 1913 Auni
670 1840 779 1915 1550.
808 1866 872 1910 nec
904 1836 1058 1907 disiunxi
1087 1858 1156 1905 uu-

171 1971 296 2040 quam,
321 1970 387 2013 nec
402 1946 613 2033 disiungam.
663 1941 761 2012 Bene
777 1945 855 2011 vale
863 1936 919 2035 ²⁰).
970 1936 1041 2006 Αιι.
1057 1962 1075 2005 a
1091 1962 1156 2005 na-

172 2048 236 2118 tali
258 2042 394 2116 Christi
416 2046 457 2115 ¹eu
481 2046 618 2135 virgine
646 2038 756 2117 1663.
812 2035 960 2113 Disco.
986 2037 1157 2108 Novemb.

172 2174 243 2241 quo
277 2148 423 2216 fuerunt
457 2146 625 2214 encaenia
655 2139 937 2236 Hierosolyma
971 2151 1157 2232 repurgato

174 2248 326 2339 templo,
351 2260 433 2317 ante
456 2268 569 2315 annos
588 2244 685 2317 1716
698 2240 753 2338 ²¹).

177 2484 341 2496 ...usuum—nn·-
349 2482 472 2493 ..ιιι-ι.-
479 2482 551 2491 -ι---ι-
556 2482 648 2493 -n--o
654 2482 748 2495 ..ησσο-
755 2482 802 2491 -ιιι-
809 2482 836 2489 —
842 2480 946 2491 -0—-0
955 2476 1116 2489 --ιι-ι-υ--ο-
1122 2477 1136 2483 ··
1142 2477 1153 2483 -

1018 2640 1159 2713 auitos.

1018 2734 1156 2762 Μ

174 2640 364 2769 Q.

481 2839 550 2926 Io.
580 2840 844 2926 Mattheaio.

242 3011 327 3082 Epist.
342 3013 392 3071 lib.
404 3012 439 3065 ll.
459 3032 485 3083 p.
499 3012 542 3069 92.
559 3012 613 3080 (ed.
633 3010 720 3066 Lond.
738 3010 786 3066 lib.
800 3009 834 3063 ll.
854 3026 897 3080 cp.
908 3008 975 3073 78.).

385 3164 438 3237 D.
464 3161 670 3238 Iohanni
693 3159 955 3238 Mallhcsio

175 3302 223 3390 S.
246 3312 292 3389 D.
321 3312 529 3387 Reverende
542 3315 598 3384 vir
612 3328 645 3384 et
661 3309 863 3385 charissime
878 3316 997 3399 frater,
1023 3310 1158 3384 Utrun-

175 3440 244 3510 que
267 3417 434 3509 praecipit
449 3413 564 3499 Deus,
586 3430 621 3486 et
640 3414 778 3498 dolere,
804 3441 883 3486 cum
906 3414 1047 3486 anobis
1063 3415 1158 3484 avel-

1204 1123 1325 1193 berlus
1345 1119 1650 1223 Mansfeldensis
1667 1124 1713 1218 ²).
1772 1126 1832 1198 Sic
1854 1130 2046 1201 ostendunt
2068 1131 2192 1202 desen-

1205 1249 1301 1295 sores
1326 1228 1524 1296 studiorum
1545 1228 1765 1299 voluntatem
1789 1252 1888 1298 suam
1912 1251 1993 1320 erga
2016 1254 2099 1316 nos,
2129 1236 2191 1302 sed

1204 1329 1490 1398 commendemus
1506 1350 1570 1398 nos
1585 1326 1681 1397 Filio
1695 1325 1774 1398 Dei.
1823 1326 1877 1397 Te
1893 1332 2001 1399 audio
2013 1325 2192 1430 Lipsiam

1206 1428 1343 1508 vocari,
1369 1429 1428 1498 sed
1450 1450 1526 1497 non
1547 1428 1676 1518 opinor
1697 1442 1732 1499 te
1747 1452 1789 1498 ex
1804 1423 1963 1527 Sarepta
1985 1445 2046 1501 tua
2061 1435 2193 1504 disces-

1206 1552 1328 1598 surum
1349 1552 1432 1599 esse.
1484 1525 1548 1598 Est
1567 1525 1626 1598 hic
1642 1530 1723 1599 exul
1745 1529 1801 1598 vir
1816 1533 1933 1620 gravis
1954 1544 1988 1601 et
2010 1528 2191 1619 honestus,

1207 1629 1362 1721 quicum
1378 1629 1484 1699 luerit
1499 1633 1658 1699 sacerdos
1673 1630 1713 1698 in
1727 1624 1885 1711 Bassia,
1912 1646 2054 1723 propter
2066 1630 2191 1703 Evan-

1207 1729 1355 1818 gelium,
1381 1754 1421 1798 ac
1438 1746 1579 1821 propter
1593 1732 1797 1821 coniugium
1812 1756 1831 1800 a
1846 1729 2028 1802 Polonicis
2041 1730 2189 1825 Episco-

1209 1832 1262 1921 pis
1277 1832 1398 1921 pulsus
1412 1832 1468 1914 sit,
1489 1847 1604 1921 posset
1618 1832 1699 1902 usui
1712 1854 1785 1902 esse
1800 1825 2031 1903 inBohemr‘a
2048 1849 2192 1927 propter

1208 1933 1374 2020 linguam.
1426 1930 1566 2019 Quaeso
1584 1946 1624 2002 ut
1646 1934 1680 2002 ei
1699 1934 1822 2003 nidum
1838 1935 1994 2027 aliquem
2015 1950 2194 2007 monstre-

1209 2031 1271 2116 tis,
1297 2056 1406 2122 caque
1426 2034 1471 2101 de
1493 2057 1531 2102 re
1552 2058 1632 2102 cum
1653 2031 1809 2104 Domino
1836 2028 2136 2106 deHassenstein
2159 2053 2195 2107 et

1208 2157 1288 2202 cum
1304 2134 1383 2201 aliis
1399 2133 1630 2226 colloquaris,
1656 2136 1718 2229 qui
1738 2136 1776 2204 in
1793 2135 1866 2205 suis
1883 2130 2049 2207 Ecclesiis
2063 2152 2193 2229 propa-

1210 2234 1284 2322 gari
1299 2230 1533 2322 Evangelium
1556 2236 1676 2325 lingua
1698 2232 1841 2305 Heorta
1862 2250 1998 2309 curant.
2049 2236 2191 2327 Quaeso

1210 2347 1249 2401 ut
1263 2329 1346 2402 huic
1362 2329 1608 2405 honestissimo
1623 2336 1701 2408 viro
1720 2350 1757 2407 ct
1769 2338 1912 2427 coniugi
1935 2339 2011 2408 eius
2029 2340 2196 2409 consula·

1212 2434 1273 2518 tis,
1299 2447 1333 2503 ct
1350 2431 1439 2502 mihi
1455 2460 1561 2528 quam
1583 2437 1735 2528 primum
1751 2438 1794 2507 de
1811 2434 1877 2507 hac
1892 2462 1931 2507 re
1955 2440 2099 2515 scribas.
2152 2438 2196 2509 ln

1211 2530 1277 2603 hoc
1291 2560 1439 2605 numero
1455 2551 1505 2605 cst
1519 2532 1579 2607 hic
1593 2538 1684 2618 exul,
1710 2540 1754 2607 de
1769 2563 1840 2632 quo
1857 2538 1974 2632 inquit
1987 2539 2101 2612 Filius
2117 2539 2196 2626 Dei,

1210 2630 1400 2731 Quicquid
1411 2636 1478 2704 ani
1488 2659 1535 2706 ex
1552 2636 1634 2706 istis
1641 2636 1789 2736 fecistis
1803 2632 2062 2739 mihisccislis.
2104 2640 2195 2713 Mit-

1210 2751 1245 2805 to
1261 2737 1360 2806 robis
1382 2739 1562 2826 poemata,
1589 2740 1632 2809 de
1655 2740 1785 2833 quibus
1800 2742 1941 2831 postulo
1964 2755 2005 2812 ut
2021 2742 2193 2812 iudicium

1211 2851 1364 2904 vestrum
1387 2835 1477 2906 mihi
1499 2841 1709 2927 significetis.
1761 2839 1859 2911 Bene
1881 2854 1916 2911 et
1935 2843 2083 2914 feliciter
2102 2844 2193 2912 vale.

1210 2937 1276 3006 Die
1306 2935 1368 3009 25.
1403 2937 1573 3014 Novemb.
1604 2942 1667 3034 qui
1698 2943 1767 3013 iuit
1799 2942 1875 3012 dies
1909 2938 2196 3029 Encaeuiorum,

1211 3061 1300 3129 quac
1342 3050 1423 3108 ante
1463 3064 1576 3110 annos
1615 3040 1712 3112 1715
1737 3038 1765 3136 ³)
1799 3038 2051 3137 lerosolymae
2092 3046 2197 3115 insti-

1088 3204 1093 3215 ,
1209 3152 1283 3208 tuta
1309 3153 1403 3212 sunt.

177 3519 301 3586 luutur
322 3518 375 3585 illi
398 3540 487 3609 quos
508 3516 654 3606 diligere
683 3518 887 3597 debuimus,
922 3531 957 3587 et
981 3517 1156 3585 moderari
1265 3583 1275 3606 ,

177 3618 349 3690 dolorem.
400 3616 503 3685 Hanc
532 3641 754 3687 communem
782 3618 940 3707 regulam
967 3641 1069 3707 saepe
1092 3640 1157 3685 uos

176 3714 245 3786 hoc
265 3742 361 3787 anno
380 3718 530 3805 cogitare
547 3719 720 3808 oportuit,
747 3743 817 3813 quo
841 3733 912 3787 tam
936 3719 1047 3788 multa
1063 3717 1157 3786 vidi-

175 3842 254 3887 mus
268 3833 303 3889 et
316 3816 522 3907 Principum
535 3833 568 3888 et
585 3818 778 3888 amicorum
791 3819 927 3888 lunera.
959 3817 1022 3887 Pie
1037 3830 1071 3885 ct
1088 3818 1157 3886 uti-

176 3920 257 3989 liter
271 3919 416 3989 servivit
431 3914 610 3987 Ecclesiae
624 3916 793 4008 Princeps
805 3910 1158 3989 AnhaltinusGeor-

175 4018 261 4112 gius
277 4014 332 4109 *),
357 4021 400 4087 de
421 4044 491 4111 quo
513 4020 619 4088 audio
637 4018 751 4107 ipsum
773 4016 1022 4108 lmperatorem
1039 4008 1157 4086 Caro-

178 4117 255 4188 lam
279 4120 425 4200 dixisse,
458 4143 597 4208 sperare
617 4143 653 4188 se
669 4116 905 4189 Ecclesiarum
931 4119 1158 4189 constitutio·

178 4245 259 4288 nem
287 4219 520 4306 perfecturum
550 4244 623 4288 csse
654 4214 721 4289 hoc
743 4217 907 4311 Principe
937 4220 1097 4290 adiutore
1124 4233 1159 4289 et

178 4320 334 4390 consiliis
358 4318 442 4385 eius.
493 4315 572 4387 Hoc
593 4333 628 4389 et
648 4333 796 4409 patrono
820 4334 854 4390 et
871 4320 983 4390 amico
1006 4321 1159 4403 orbatus,

178 4446 345 4510 magnum
369 4418 500 4487 vulnus
524 4418 654 4509 accepi.
702 4419 826 4512 Nuper
857 4421 961 4493 etiam
988 4420 1159 4504 intellexi,

211 4723 256 4791 17)
274 4740 310 4776 ne
322 4723 398 4776 sinac
414 4723 487 4774 hanc
498 4736 522 4776 r.
534 4722 564 4774 r'u
578 4736 602 4774 a.
616 4720 730 4788 deduci]
745 4719 833 4776 Mani.
845 4730 872 4776 et
886 4722 949 4777 eod.
963 4720 1084 4793 Guelpls.

211 4809 255 4873 18)
275 4825 346 4876 qaae
355 4809 414 4877 fide
426 4810 494 4870 etc-1
511 4805 698 4860 desiderantur
708 4805 737 4861 in
752 4804 840 4860 Manl.
851 4813 878 4859 ct
890 4806 952 4860 cod.
967 4804 1090 4879 Guclph.

211 4893 255 4961 19)
273 4894 533 4958 Pennocrucium
548 4906 597 4943 res
609 4891 695 4957 ι’ριοι.

209 4978 253 5043 ὓ)
274 4975 353 5045 Quae
364 4984 516 5043 sequuntur
527 4972 714 5028 desiderantur
727 4971 756 5025 in
769 4970 856 5026 Mani.
869 4980 895 5023 et
909 4972 971 5025 cod.
985 4968 1104 5042 Guelpi.

209 5061 255 5127 21)
276 5058 489 5114 Autnon1558.
504 5058 550 5110 ced
565 5057 639 5111 1554.
653 5056 752 5126 scripta
768 5064 834 5109 este
854 5052 941 5122 istola,
958 5063 1006 5109 aut
1016 5072 1067 5124 pro
1082 5054 1157 5111 1716.

240 5126 417 5267 ἔῖξίἑίἓὲιζιιι
436 5134 479 5178 cst
493 5127 566 5180 1715.
603 5125 665 5181 Vid.
686 5144 746 5197 epp.
766 5123 823 5180 Η
841 5162 848 5179 .
863 5122 934 5180 Νοι.
949 5122 1062 5196 scriptas
1079 5125 1158 5179 annis

207 5281 236 5350 ⁰)
253 5279 330 5336 osta
344 5279 371 5334 ι.
387 5278 429 5335 ιι.
441 5274 504 5334 oes
521 5274 596 5331 ass.

1475 3740 1527 3829 (ἱ.
1559 3743 1934 3833 Cummerstadio.

1276 3910 1365 3983 ιρι...
1382 3910 1433 3970 us.
1446 3912 1482 3969 ιι.
1502 3932 1530 3987 p
1542 3914 1603 3973 sss.
1624 3914 1682 3983 aa.
1695 3914 1784 3975 sora
1797 3910 1846 3971 us.
1860 3915 1896 3971 ιι.
1911 3935 1955 3989 φ.
1969 3912 2052 3987 osta.

1382 4065 1437 4144 D.
1464 4064 1667 4166 Georgio
1690 4060 2017 4145 Camersladio

1209 4215 1257 4302 S.
1276 4224 1320 4300 D.
1370 4229 1557 4322 Magnifice
1573 4236 1629 4306 vir
1650 4250 1686 4307 et
1701 4250 1849 4326 patrone
1861 4237 2029 4322 colende,
2051 4233 2132 4308 Etsi
2152 4238 2192 4309 in

1208 4344 1306 4401 tanta
1319 4332 1411 4401 mole
1427 4337 1698 4426 occupationum
1713 4352 1926 4424 vestrarum,
1950 4362 2025 4409 non
2039 4339 2197 4410 libenter

1209 4432 1254 4501 ad
1271 4433 1387 4502 aulam
1405 4435 1538 4505 scribo:
1564 4451 1681 4507 tamen
1694 4438 1776 4509 talis
1789 4453 1841 4509 est
1856 4440 1946 4523 vita,
1971 4454 2013 4511 ut
2026 4438 2102 4523 sine
2123 4461 2193 4528 ope

1209 4534 1483 4619 girberuatorum
1515 4537 1634 4607 vivere
1666 4562 1742 4607 non
1774 4538 1961 4631 possimus.
2013 4534 2063 4609 Et
2093 4561 2195 4609 nunc

1210 4646 1408 4723 temporum
1429 4637 1617 4708 difficultas
1641 4651 1745 4728 auget
1766 4642 1923 4730 negocia.
1982 4634 2059 4711 Oro
2083 4639 2196 4729 igitur

1208 4746 1250 4805 ut
1273 4734 1413 4803 veniam
1437 4736 1544 4807 nohis
1565 4738 1675 4825 detis,
1706 4742 1802 4833 quod
1826 4742 1916 4813 istuc
1938 4741 2058 4812 literas
2080 4739 2196 4813 mitti-

1215 4923 1256 4934 ὀ-
1272 4923 1419 4933 ·-ο---

1244 5042 1271 5106 ι)
1291 5037 1634 5095 nursiamcasam.

1240 5125 1276 5195 2)
1293 5125 1352 5193 lpse
1363 5142 1418 5176 non
1431 5125 1521 5178 statim
1536 5126 1744 5197 estprolcclat,
1758 5125 1806 5179 ted
1825 5125 1910 5183 naal.
1921 5123 2141 5194 metdusln,
2157 5131 2196 5186 cl.

1275 5210 1317 5261 ep.
1330 5190 1357 5248 d.
1369 5192 1411 5246 29.
1427 5194 1499 5247 Nor.
1516 5194 1541 5247 1ι.
1554 5213 1579 5249 a.
1605 5192 1765 5251 Melantbon
1776 5196 1829 5247 iter
1839 5188 2197 5265 ot'ingrmminllatbr.

1240 5277 1269 5349 8)
1287 5276 1374 5330 Error
1387 5285 1427 5331 est
1441 5278 1470 5332 in
1483 5296 1616 5349 nurnero,
1631 5284 1697 5331 sunl
1710 5273 1776 5331 anni
1788 5276 1868 5337 mc.
