4776 6024
167 277 245 354 661
744 256 1180 340 EPISTOLARUM
1231 265 1337 349 1213.
1361 269 1447 353 Xll.
1497 270 1630 351 1666
2126 274 2211 352 661

174 444 230 522 D.
267 442 442 516 Adomo
475 437 642 513 Sibero
672 434 867 534 gubernat.
933 431 1091 510 Sctotae
1125 434 1164 509 irs

519 541 606 614 urbe
642 535 817 613 Grimma

1318 436 1432 508 Eminga
1447 437 1557 496 doctiss.
1572 439 1656 497 Galle
1667 440 1776 498 scribit:
1794 445 1854 514 ,δη
1868 445 1909 500 11.
1925 443 2039 501 Mulieri
2054 443 2099 500 lsa
2136 446 2214 519 gead

1315 508 1460 562 historiam
1484 511 1646 565 Chersonesi
1671 512 1809 567 Cimbriae
1836 514 1868 567 P.
1891 514 1939 569 lll.
1956 533 1983 584 p.
2002 514 2065 571 650.
2128 519 2215 582 11161

1319 580 1366 633 ben
1386 583 1472 636 caeso
1498 579 1532 633 ab
1554 579 1681 650 Eminga,
1715 579 1965 653 Groeningensern‚
1994 592 2071 640 uniet
2089 588 2138 641 ists
2157 599 2216 642 m

1319 647 1417 714 611111
1432 647 1531 717 tertul>
1546 664 1576 717 11
1592 650 1798 719 6111611111
1813 655 1867 707 tm
1888 667 1936 707 osu
1951 653 2096 717 ssdrbtstea
2109 654 2215 713 861111

1321 716 1439 783 tristibus
1469 718 1639 784 6111111111
1667 722 1801 786 tectiore
1828 711 1965 777 utinm
1991 722 2167 803 1111111119
2183 751 2216 765 ·-

1321 781 1394 850 Quis
1411 782 1593 839 Melantbonls
1615 786 1747 842 iudicium
1767 789 1801 843 de
1823 789 2080 846 111111111111111
2105 793 2217 865 quaesi·

1322 851 1404 921 serit,
1429 870 1485 905 non
1506 853 1602 926 liquet.

93 727 101 751 .
171 687 225 775 S.
248 692 295 764 D.
343 688 438 764 Cum
467 690 681 763 audivissem
712 712 874 780 magnam
904 688 1030 780 oppidi
1060 690 1166 761 vestri

177 810 313 896 partem
329 793 494 863 incendio
510 791 671 886 periisse,
697 791 801 862 valde
816 803 1059 861 consternatus
1073 815 1167 862 sum:

178 897 337 974 scholam
356 897 528 985 integram
546 917 619 963 esse
641 892 749 962 simul
771 893 958 961 audiebam
967 905 985 982 ,'
1014 916 1170 987 proquo

176 999 349 1077 beneficio
365 994 441 1066 Deo
458 995 681 1086 gratiasago,
700 1006 823 1064 ettoto
840 1017 920 1064 eum
936 1006 1076 1083 pectore
1093 1020 1170 1077 oro,
1220 988 1399 1091 Epistola
1425 987 1633 1065 Reverendi
1660 995 1731 1066 viri
1763 992 1818 1072 D.
1852 989 2085 1097 Philippi
2116 999 2219 1075 Μι-

178 1119 222 1178 ut
237 1125 299 1173 vos
314 1098 505 1189 gubernet,
531 1109 566 1167 et
587 1119 718 1189 poenas
741 1095 862 1167 leniat.
922 1091 1082 1166 Fratrem
1101 1096 1170 1165 sal·
1222 1088 1474 1167 lonthonis
1500 1092 2068 1194 scriptadeopinionchctoris
2090 1099 2219 1175 detri-

181 1230 267 1278 rnm
283 1201 427 1271 rediisse
447 1212 481 1270 et
504 1198 642 1268 arculas
662 1189 869 1265 Simonidis
890 1219 966 1266 non
980 1197 1171 1269 illiberales
1278 1195 1371 1295 plici
1392 1193 1661 1289 iustificatione.
1712 1207 1889 1290 (inscriptio
1905 1213 1937 1269 in
1953 1214 2163 1296 apographo.)

180 1308 287 1379 fuisse
311 1303 458 1394 gaudeo.
515 1297 592 1389 Ego
616 1322 757 1394 quoque
778 1297 1029 1387 gratitudinem
1052 1311 1172 1371 osten·
1223 1329 1348 1413 Tamo
1376 1341 1415 1409 in
1437 1343 1561 1413 dolore
1589 1369 1667 1415 sum

182 1413 266 1478 dere
289 1403 456 1485 studebo,
488 1403 583 1492 quod
606 1414 766 1468 amanter
787 1401 824 1467 in
839 1423 944 1488 opere
958 1401 1041 1470 utili
1055 1416 1092 1473 et
1106 1402 1174 1470 du-

184 1523 325 1587 raturo,
346 1504 416 1570 mei
431 1502 646 1569 mentionem
665 1500 789 1569 fecisti.
843 1499 920 1568 lam
945 1497 1033 1570 mibi
1051 1525 1175 1572 narra-

185 1626 264 1693 tur,
297 1597 530 1680 inPoloniu‚
555 1595 724 1680 Roscia,
756 1616 788 1670 et
814 1595 953 1668 Silcsia
976 1605 1087 1674 multa
1103 1626 1174 1672 esse

185 1706 370 1785 incendia,
396 1715 430 1772 et
446 1717 563 1792 captos
579 1726 665 1788 esse,
692 1701 754 1797 qui
769 1702 963 1788 fateantur,
986 1726 1057 1774 sea
1075 1698 1176 1773 Tur·

185 1809 253 1888 cis,
287 1807 322 1876 et
341 1797 503 1872 Iudaeis
519 1805 710 1874 conductos
734 1825 835 1871 esse:·
855 1805 914 1871 sed
940 1805 1107 1875 usitatum
1126 1817 1176 1873 est

176 1916 348 1982 'accusare
362 1905 469 1984 alios,
495 1927 574 1973 cum
590 1918 731 1983 nostros
746 1927 860 1971 mores
873 1903 990 1994 potius
1004 1928 1179 1988 accusare,

1694 1360 1898 1440 propterea,
1937 1350 2035 1442 quod
2065 1352 2221 1423 subinde

1223 1467 1316 1514 nova
1332 1443 1477 1512 dissidia
1494 1451 1750 1532 accendantur,
1781 1461 1821 1517 ut
1834 1464 1970 1538 optem,
1996 1466 2036 1520 ut
2049 1476 2105 1522 me
2123 1452 2222 1524 Deus

1224 1545 1294 1617 cito
1318 1570 1358 1614 ex
1384 1539 1450 1614 bac
1472 1547 1570 1615 rabie
1593 1547 1817 1637 ingeniorum
1847 1551 1885 1617 in
1913 1546 2109 1622 Ecclesiam
2135 1579 2221 1625 coe·

1224 1649 1345 1717 lestem
1362 1648 1524 1724 abducat.
1576 1645 1625 1719 Et
1639 1674 1712 1721 non
1729 1651 1943 1725 dissentiunt
1958 1647 2124 1725 homines
2142 1670 2223 1727 tan-

1296 1870 1345 1925 diti
1356 1890 1466 1938 sumus,
1484 1870 1532 1944 qui
1546 1873 1572 1926 in
1586 1874 1636 1931 hac
1650 1876 1700 1930 rita
1714 1895 1771 1931 non
1786 1876 1935 1949 perficitur.
1951 1842 1953 1846 Α
1970 1840 2107 1943 Tertiam,
2125 1899 2223 1952 qaan-

1294 1939 1331 1993 do
1343 1940 1486 2023 laudamur
1497 1950 1611 2013 propter
1621 1943 1663 2013 pia
1678 1944 1758 2000 iacta.
1794 1944 1867 1999 llaec
1882 1948 1923 2002 M.
1936 1948 2120 2016 Hieronymus
2135 1967 2225 2003 esor-

189 2027 224 2082 ep
246 2008 435 2079 emendare
459 2005 679 2077 deberem&
731 2002 829 2074 Bene
855 2019 888 2075 01
911 2004 1062 2078 feliciter
1088 2007 1177 2079 vale,
1294 2019 1393 2064 susest
1424 2029 1514 2063 caurus
1529 2009 1664 2074 refutare,
1681 2032 1762 2084 quam
1779 2033 1837 2081 res,
1856 2033 1971 2084 persona
1986 2025 2014 2068 et
2027 2019 2105 2070 locus
2211 2047 2224 2060 ·

187 2112 255 2182 Die
272 2111 333 2182 29.
352 2105 442 2197 Aug.
467 2101 576 2180 1556.

1297 2079 1350 2132 hat.
1416 2080 1523 2147 rgehst.
1547 2090 1576 2133 ut
1608 2086 1731 2136 robarem
1744 2085 1854 2138 tertium
1870 2087 2001 2147 modum
2024 2103 2091 2139 nant
2132 2088 2225 2157 epri-

1298 2165 1344 2198 mo
1360 2147 1421 2198 satis
1437 2156 1552 2202 constat.
1588 2099 1704 2203 isonat-i
1727 2173 1756 2204 ex
1773 2153 1890 2220 lacobo,
1914 2173 1998 2224 quem
2018 2155 2134 2222 reiecit,
2160 2175 2224 2209 cum

1297 2227 1386 2269 tamen
1408 2233 1501 2266 omnes
1522 2218 1608 2270 nostri
1628 2231 1817 2302 praeceptores
1838 2223 1866 2273 in
1885 2225 1955 2276 hanc
1968 2223 2139 2276 sententiam
2160 2241 2223 2276 eum

1298 2283 1800 2410 ileciiiiluenhhntpiiiidiiiiiiruitiirii‘dd¹
1809 2291 2061 2413 siseucueritidniiiiiidoe·t
2078 2290 2223 2413 1111111ή1111Ι

1297 2421 2223 2576 11111111,.11111111ξ111111111311111

1297 2555 2224 2696 iniit..ibiiinii'ii'iii'iiiiii''..i'⁰.ii⁸i.“.¹.‘÷l¹²r¹l.‘¹i.²

1297 2694 1389 2749 ficatio
1401 2703 1428 2747 et
1441 2695 1548 2747 iustitia.
1583 2695 1613 2750 ln
1632 2698 1713 2752 nobis
1726 2702 1802 2755 Deus
1819 2704 1872 2755 iaus
1887 2712 2015 2782 operatur
2034 2701 2222 2783 qualitatiyam

1299 2763 1445 2831 iustitiam,
1470 2782 1537 2844 qnae
1557 2763 1659 2818 diversa
1679 2779 1717 2821 est
1741 2789 1755 2820 1
1775 2771 1881 2841 priore;
1909 2771 1994 2841 igitur
2014 2784 2223 2838 regeneratione

1298 2832 1399 2887 dicitnr
1414 2850 1463 2884 nos
1476 2833 1627 2889 iustificare.
1641 2900 1644 2907 .
1663 2834 1804 2892 Praeterea
1814 2839 1897 2909 ipsius
1911 2838 1984 2892 serbi
1998 2847 2114 2911 etymon
2146 2857 2225 2894 rasse

1298 2913 1325 2955 et
1337 2900 1420 2954 latine
1437 2901 1568 2968 significat
1579 2903 1678 2956 iustum
1693 2905 1794 2962 lacere.
1828 2907 1922 2960 loann.
1939 2910 1967 2959 in
1981 2909 2101 2978 Apocal.
2121 2858 2164 2964 12.
2184 2909 2224 2961 sie

1298 2987 1362 3022 usus
1377 2977 1431 3020 estc
1455 2967 1501 3038 qui
1517 2969 1642 3023 sordidus
1658 2983 1712 3036 est,
1738 2978 1876 3029 sordescat
1888 2976 1989 3037 adbuc,
2009 2977 2056 3046 qui
2072 2978 2159 3030 iustus
2175 2986 2223 3043 est,

1299 3039 1460 3091 instilicetur
1478 3036 1575 3092 adbuc.
1618 3039 1686 3091 ltem
1709 3044 1720 3093 l
1741 3043 1807 3099 Cor.
1827 3045 1870 3098 6.:
1902 3044 1971 3098 haee
1995 3044 2108 3126 quidem
2130 3047 2220 3108 eratis,

1297 3108 1344 3162 sed
1370 3103 1457 3158 abluti
1475 3105 1554 3174 estis,
1578 3106 1625 3160 sed
1650 3112 1810 3166 sanctificati
1833 3113 1910 3174 estis,
1934 3112 1980 3165 sed
2001 3110 2141 3168 iustificati
2159 3115 2223 3166 estis

1298 3191 1347 3244 per
1361 3171 1503 3225 dominum
1517 3173 1605 3227 lesum
1621 3177 1769 3234 Christum.
1806 3182 1856 3235 llic
1870 3200 1933 3233 sane
1952 3189 2077 3251 apparet,
2105 3182 2223 3235 Paulum

1298 3260 1355 3295 non
1369 3250 1473 3293 tanturn
1489 3242 1607 3312 primurn
1619 3246 1750 3315 modum,
1772 3251 1819 3302 sed
1839 3260 1865 3302 et
1880 3250 2032 3302 1111111111
2048 3250 2222 3314 intellexisse,

1298 3310 1327 3364 id
1346 3320 1402 3378 est,
1425 3309 1577 3364 inchoatam
1596 3315 1623 3366 in
1642 3318 1743 3369 sanctis
1764 3320 1907 3386 puritatem
1929 3327 1956 3370 et
1972 3317 2178 3371 sanctimoniam
2195 3327 2223 3367 et

1298 3379 1442 3443 iustitiam,
1469 3396 1548 3445 quam
1564 3383 1687 3437 Christus
1705 3385 1799 3455 spiritu
1813 3405 1863 3439 suo
1880 3385 1972 3439 eflicit.
2004 3387 2124 3455 Apparet
2142 3400 2222 3457 quo·

1317 3467 1365 3512 ue,
1393 3447 1535 3499 Danielem
1550 3468 1609 3519 cap.
1625 3452 1655 3503 {2
1679 3453 1718 3505 sic
1729 3471 1787 3506 eam
1804 3472 1899 3507 vocem
1912 3472 2064 3524 usurpatae,
2083 3463 2114 3505 ut
2128 3453 2222 3523 signi-

1279 3464 1375 3573 'hcets
1400 3515 1433 3568 ad
1445 3513 1575 3569 iustitiam
1590 3531 1765 3580 convertere.
1789 3522 1890 3577 iustitia
1907 3524 2036 3576 imbuere.
2072 3521 2222 3576 Postremo

1245 3582 1252 3595 ’
1297 3584 1386 3638 sancti
1401 3595 1491 3653 patres
1504 3586 1592 3654 graeci
1606 3597 1632 3640 et
1646 3590 1721 3642 latini
1734 3591 1774 3642 sic
1788 3611 1852 3645 usur
1873 3600 1963 3643 arunt.
2002 3589 2172 3659 Augustinus
2188 3592 2222 3646 ds

1297 3662 1473 3723 peccatorum
1489 3653 1592 3707 nreritis
1605 3666 1631 3709 et
1645 3657 1819 3729 remissione,
1845 3661 1892 3712 bb.
1907 3664 1945 3725 1.,
1966 3675 1993 3713 c.
2009 3663 2051 3713 10.
2077 3660 2222 3713 denatura

1298 3729 1325 3776 et
1337 3721 1419 3791 gratia
1433 3720 1564 3800 cepte..
1584 3722 1794 3797 Chrysostomus
1803 3737 1829 3780 et
1842 3728 1887 3780 alii
1901 3728 1994 3780 multis
2008 3732 2035 3780 in
2054 3728 2138 3796 locis,
2175 3746 2223 3782 aas

1299 3806 1348 3844 suo
1363 3791 1438 3848 loeo,
1456 3806 1479 3839 st
1495 3802 1586 3871 pergat
1604 3795 1747 3862 lacessere,
1766 3799 1991 3856 recensebuntur.
2028 3798 2149 3850 Ostendi
2198 3799 2221 3850 ic

1298 3857 1462 3919 adolescenti
1487 3858 1585 3911 librum
1608 3863 1807 3917 conciliationis
1825 3865 1859 3917 ali
1880 3882 1979 3916 uorum
2006 3866 2153 3932 locorum,
2179 3864 2220 3920 cal

1295 3945 1370 3981 cum
1384 3928 1509 3991 Philippo
1529 3937 1556 3980 et
1575 3929 1752 3983 Brentsbalii
1769 3934 1859 4013 magni
1900 3931 2011 4003 beologi
2031 3935 2219 3999 interfuerunt,

1298 4011 1366 4064 quae
1379 3993 1535 4047 conciliatio
1548 3996 1581 4050 ab
1595 4001 1722 4051 omnibus
1733 3999 1875 4056 ordinibus
1891 4001 2109 4056 Protcstantium
2123 4020 2217 4073 appro-

192 2325 278 2335 ...η-μ
288 2326 352 2334 ιη...
365 2326 427 2334 η...-
438 2325 520 2334 unon—
538 2324 615 2333 --n--t-
625 2328 627 2330 ν
638 2327 666 2333 ¹m
681 2325 901 2339 uon-n--m—‹w-q.
912 2329 1048 2338 .-.ω-κν·
1090 2329 1116 2334 ··-
1134 2329 1144 2334 ··

185 2483 254 2556 tto.
274 2482 386 2556 6061.

181 2578 363 2615 ,Μ

919 2493 1065 2572 (excnnte
1081 2490 1179 2573 Aug.)

944 2583 1157 2620 sm

530 2682 803 2792 (russum.
814 2684 834 2796 1

256 2857 280 2929 ’1-
298 2856 472 2929 Descriptunt
489 2868 534 2911 est
551 2857 605 2913 boe
622 2858 756 2914 iudicium
773 2879 788 2913 a
807 2859 891 2914 Miris.
904 2861 1016 2914 Volent.
1032 2861 1136 2928 Zwerg
1150 2880 1180 2916 ea

292 2926 447 2998 apographo
463 2927 505 2981 vel
519 2935 630 2997 autogra
651 2927 686 2980 bo
699 2932 725 2980 in
738 2928 861 2984 biblioth.
874 2928 1034 2984 Academiae
1043 2930 1180 2985 llarnien·

182 3002 188 3014 ‘
291 2996 343 3060 sis,
366 3004 391 3046 et
408 2995 486 3047 missa
501 2994 576 3047 1776.
590 2996 622 3047 ad
633 2947 663 3050 h
676 2997 870 3058 Noesseltum,
892 2995 1062 3068 'l'heologum
1076 2998 1180 3053 llalen-

291 3082 366 3126 aem,
393 3060 441 3130 qui
460 3063 507 3114 illo
527 3071 650 3131 tempore
675 3065 804 3126 epistolas
825 3063 1010 3117 Melantbonis
1027 3065 1181 3133 colligebat.

291 3129 367 3194 (vid.
383 3148 450 3199 quae
465 3128 528 3184 Vol.
544 3130 565 3185 l.
579 3136 605 3183 in
618 3131 821 3202 prolegomenis
834 3151 860 3200 p.
870 3131 1032 3185 LXXXVll.
1045 3134 1181 3204 disimns.)
1199 3169 1201 3172 ν

292 3199 331 3251 Ex
344 3195 479 3251 hoclonte
489 3198 552 3250 mihi
561 3200 750 3252 hociudicium
764 3198 1025 3266 descripsitdoctiss.
1042 3204 1075 3257 F.
1088 3203 1181 3262 Galle.

290 3265 428 3327 liniensis,
453 3265 501 3338 qui
518 3269 665 3336 simulapo
685 3289 711 3322 ra
732 3268 786 3321 hon
803 3266 931 3337 epistolae
945 3268 1090 3340 limingae,
1114 3288 1181 3342 quae

288 3333 426 3395 scribendi
439 3333 611 3389 occasionem
629 3287 701 3390 dedit
714 3288 904 3417 idelanthoni,
926 3336 1008 3421 cuius¹
1019 3350 1122 3407 partem
1136 3340 1182 3396 bic

292 3402 495 3474 subiunximus,
518 3423 549 3458 es
568 3424 620 3476 qua
639 3422 719 3464 causa
737 3406 793 3477 ipsa
812 3415 875 3459 satis
894 3416 1057 3478 perspicitur
1066 3406 1108 3476 *).·
1138 3409 1181 3462 tte

188 3706 220 3767 *)
240 3705 366 3770 11111111
385 3702 565 3757 Caesonis
585 3703 772 3772 limingae,
792 3705 917 3760 lectoris
930 3706 1125 3773 Stesvisesrsis,
1142 3710 1182 3759 od

210 3770 213 3777 ’
340 3776 511 3824 ,nonnullos
535 3776 742 3825 ermeinnntores
760 3778 791 3826 in
812 3777 1006 3832 It's'derstndiu.

291 3874 384 3927 Relata
404 3872 543 3927 cuiusdam
570 3872 678 3942 accepi,
702 3873 816 3927 candide
836 3875 937 3941 lector,
960 3878 1105 3946 quemdam
1129 3878 1179 3930 Ia-

254 3946 355 3996 11111111
364 3947 410 4010 ⁸),
436 3939 482 4010 qui
499 3941 623 4010 proxime
637 3959 650 3991 a
666 3941 745 3993 nobis
759 3943 791 3995 ad
807 3945 988 3998 ministerium
1001 3945 1181 4016 apostolicum
1258 3992 1263 3999 .

258 4011 392 4064 admissus
405 4020 462 4077 est,
486 4009 618 4078 quaedam
633 4026 702 4062 vane
721 4017 747 4061 et
764 4009 831 4066 salae
844 4014 989 4083 sparsisse,
1016 4016 1094 4068 sicuti
1110 4013 1181 4069 solet

259 4079 441 4131 adolescentia
464 4079 551 4147 plenis
568 4077 666 4130 buccis
683 4093 744 4130 suas
766 4079 857 4132 efflare
879 4083 980 4151 glorias
997 4082 1116 4136 ethonis
1130 4086 1181 4137 de·

258 4146 392 4199 trahendo
426 4146 598 4218 popularium
631 4154 659 4197 et
687 4146 909 4218 applaudentium
944 4150 1055 4204 inaaem
1088 4151 1181 4208 venari

259 4232 352 4265 auram
356 4241 549 4265 -----

294 4281 336 4334 tte
349 4284 551 4341 controversia.
570 4300 638 4348 quae
656 4281 728 4334 inter
747 4302 791 4336 rne
814 4293 840 4335 et
865 4286 905 4341 M.
927 4286 1131 4356 Hieronymum
1141 4288 1179 4358 ξ),

150 4419 155 4422 η
259 4356 321 4402 nata
346 4358 403 4419 est,
432 4361 457 4402 et
476 4352 601 4419 utrinque
620 4352 759 4419 acerbius,
790 4371 870 4422 quam
892 4366 1039 4426 utrumque
1060 4357 1182 4427 decebat,

259 4419 387 4483 defensa,
413 4430 439 4471 et
450 4419 653 4483 immodestius,
681 4437 761 4488 quam
778 4441 818 4472 res
831 4432 857 4473 et
877 4423 952 4477 locus
968 4427 1123 4493 postulant,
1141 4428 1181 4483 sic

258 4506 287 4541 se
314 4487 402 4539 habet.
437 4485 506 4538 Cum
532 4486 577 4539 hic
600 4487 740 4539 sisteretur
765 4489 897 4557 examini,
926 4494 1123 4561 percunctabar
1147 4495 1180 4549 ah

257 4559 266 4609 i
287 4574 333 4614 so.
356 4554 497 4624 quomodo
520 4565 658 4620 superaret
684 4557 782 4609 iustitia
806 4558 957 4614 Christiana
983 4562 1181 4631 pharisaicam?

260 4577 330 4678 dum
354 4626 398 4677 hic
419 4625 634 4688 obmutesceret,
660 4642 711 4675 nec
729 4636 826 4678 statum
843 4632 1009 4697 quaestionis
1023 4640 1092 4682 statu
1106 4650 1180 4684 asse·

259 4707 402 4762 queretur,
426 4691 558 4764 quaesivi:
579 4690 723 4760 quotuplex
736 4706 776 4746 cst
788 4697 911 4750 iustitia?
947 4703 1017 4751 Cum
1032 4699 1180 4769 haesitaret,

258 4764 379 4815 solebam
400 4761 554 4830 explicatius
574 4760 647 4828 quod
670 4763 818 4814 sentiebam
842 4765 947 4824 dicere.
995 4767 1103 4831 Asserui
1124 4778 1182 4823 tres

256 4846 313 4882 esse
333 4829 529 4881 iustificationis
548 4829 654 4880 modos.
699 4831 826 4882 Primum
845 4843 928 4904 atque
946 4834 1099 4914 principem
1117 4834 1179 4889 1111-

260 4899 340 4960 dum,
366 4903 475 4966 quando
489 4917 518 4950 ex
540 4897 683 4967 tyrannide
696 4897 808 4962 Satanae
828 4903 973 4955 asserimur
988 4903 1014 4953 in
1031 4902 1180 4960 libertatem

258 4965 376 5016 liliorum
392 4965 458 5030 llei,
483 4966 561 5019 nobis
576 4965 697 5037 gratuito
709 4967 900 5022 condonantur
912 4981 1021 5039 peccata
1037 4983 1061 5022 et
1080 4971 1179 5029 iustitia

257 5045 366 5086 aeterna
381 5033 409 5084 in
423 5033 529 5088 Christo
544 5034 704 5105 imputatur.
740 5039 886 5103 Alterum,
905 5041 1016 5111 quando
1030 5059 1092 5091 suos
1106 5044 1180 5096 Deus

256 5113 396 5173 regenerat
415 5114 441 5153 et
462 5114 586 5166 renovat,
611 5103 743 5158 reiorruat
762 5105 794 5156 ad
809 5104 970 5177 imaginem,
993 5109 1024 5159 111
1043 5127 1096 5185 grta
1110 5130 1178 5166 con·

189 5243 386 5260 ...uno-0⁴·-

219 5341 245 5391 s)
263 5339 312 5384 lac.
326 5336 475 5397 Crogeruns,
495 5334 571 5381 utun
584 5338 691 5394 pastoris
707 5338 841 5398 llariburg.

220 5422 243 5472 t)
264 5422 328 5465 ttier.
341 5421 502 5478 cypressus.
517 5421 735 5484 1111111111111111111.7

1297 4062 1359 4115 bata
1382 4071 1436 4127 est,
1465 4079 1546 4132 quam
1571 4063 1704 4119 Germani
1727 4086 1790 4122 cum
1814 4068 1939 4123 Bobemis
1964 4079 1992 4122 et
2019 4071 2175 4126 Austriacis
2193 4078 2218 4121 ut

1298 4129 1484 4199 publicaretur
1496 4132 1629 4187 submisse
1644 4137 1831 4206 postularunt,
1855 4139 1900 4191 sed
1918 4137 2041 4205 trustra,
2065 4157 2218 4219 repugnas·

1298 4198 1370 4251 tibus
1383 4197 1506 4268 Papistis.
1548 4200 1590 4253 De
1607 4203 1664 4255 istis
1686 4204 1744 4256 ride
1762 4205 1919 4259 Sleidanum
1934 4208 1968 4260 de
1989 4217 2064 4261 statu
2078 4210 2127 4261 reli
2149 4208 2217 4264 sonis.

1299 4266 1381 4318 latum
1395 4267 1495 4319 librum
1505 4286 1581 4321 meus
1593 4269 1752 4324 adolescens
1766 4292 1834 4327 vane
1846 4286 1871 4326 et
1884 4279 1949 4328 false
1958 4228 2216 4344 suspicatordsbx·

1299 4333 1340 4387 dri
1361 4334 1461 4401 luisse,
1486 4345 1516 4388 ut
1543 4347 1584 4391 est
1606 4339 1708 4394 invidia
1733 4345 1854 4412 suspicax
1873 4354 1899 4396 et
1923 4346 2082 4413 ignorantia
2102 4348 2217 4415 superba.

1301 4402 1384 4467 Vide,
1409 4401 1527 4456 condide
1547 4406 1647 4474 lector,
1671 4407 1694 4460 si
1713 4409 1778 4479 quid
1793 4411 1836 4463 his
1852 4410 2006 4466 commerui
2028 4423 2077 4467 aut
2089 4413 2219 4479 commiss,

1297 4481 1343 4524 aut
1362 4471 1448 4526 sicubi
1475 4472 1540 4527 haec
1553 4473 1690 4529 distinctio
1708 4478 1829 4532 haeresin
1848 4481 1947 4550 sapiat,
1975 4499 2032 4550 qua
2052 4493 2119 4535 nota
2138 4483 2218 4535 bonus

1296 4540 1455 4594 adolescens
1477 4560 1522 4594 me
1541 4557 1770 4614 conspureareret
1784 4565 1934 4618 conspuere
1952 4543 2084 4604 innatas.
2120 4551 2218 4606 cont·-

1296 4619 1392 4663 rantur
1408 4609 1474 4663 baec
1492 4627 1555 4662 cum
1578 4615 1735 4685 scripturis,
1762 4633 1825 4669 sum
1843 4619 1941 4671 sanctis
1958 4619 2104 4687 patribus,
2123 4637 2217 4689 espen·

1297 4679 1399 4728 dantur
1417 4676 1462 4728 dili
1483 4678 1587 4744 entius,
1619 4683 1774 4752 adparebit,
1806 4684 1873 4736 nibil
1892 4683 2024 4738 amissum
2047 4708 2125 4756 esse,
2154 4689 2219 4759 quod

1317 4745 1441 4796 robatum
1483 4746 1628 4817 heologum
1650 4749 1788 4804 offendere
1808 4752 1899 4819 possit.
1942 4753 1970 4806 Si
1994 4758 2089 4808 statim
2107 4777 2183 4811 error
2197 4767 2220 4808 et

1297 4763 1413 4864 haeresis
1441 4813 1508 4878 erit,
1545 4814 1618 4886 qunti
1648 4816 1692 4870 isti
1713 4816 1903 4874 adolescentes
1927 4823 2058 4877 nondum
2088 4826 2221 4891 viderunt,

1297 4879 1381 4931 multa
1397 4879 1528 4934 catholica
1544 4885 1725 4938 retinebuntur
1737 4887 1880 4942 haeretica.
1892 4880 1897 4911 ⁸
1911 4889 2030 4945 Utinam
2042 4896 2223 4963 expenderent

1296 4947 1449 5014 eiusmodi,
1475 4966 1556 5016 qaam
1573 4951 1737 5023 flagitiosum
1764 4957 1812 5018 sit,
1840 4958 1980 5012 haereseos
1999 4961 2224 5033 quenquamin·

1297 5014 1425 5069 simulare
1444 5027 1470 5068 et
1491 5017 1537 5073 tali
1553 5021 1718 5075 conusatelia
1731 5023 1919 5078 immerentem
1933 5026 2093 5101 asperges-e.
2133 5035 2222 5088 Carta·

1299 5103 1361 5137 rum
1375 5086 1439 5154 quid
1456 5105 1499 5138 me
1514 5087 1553 5139 bis
1567 5092 1647 5142 rebus
1661 5091 1794 5152 molesto.
1817 5113 1879 5146 cum
1896 5114 1955 5147 mea
1968 5097 2137 5154 innocentia
2152 5108 2224 5158 bonis

1218 5178 1224 5193 .
1298 5155 1360 5206 satis
1382 5158 1494 5222 probata
1513 5154 1561 5205 sit!
1597 5158 1734 5210 Malorum
1752 5175 1842 5213 autem
1863 5162 1965 5216 iudicia
1985 5166 2057 5222 nihil
2070 5186 2223 5242 moramur,
2263 5206 2266 5215 ·

1298 5222 1343 5290 qui
1362 5223 1410 5273 sibi
1433 5241 1556 5291 magnam
1582 5227 1769 5295 cognitionem
1793 5248 1881 5281 rerum
1907 5245 2068 5304 assumunt,
2095 5258 2166 5294 cum
2190 5246 2224 5294 sir
2263 5274 2266 5284 =

1294 5291 1422 5341 extremis
1439 5292 1519 5342 labris
1537 5291 1704 5362 theologiam
1724 5297 1869 5367 attigerint.
1915 5298 1944 5351 Si
1965 5304 2124 5373 Philippus
2143 5314 2224 5366 etalii

1299 5356 1389 5426 magni
1412 5357 1463 5408 riri
1483 5360 1639 5413 huiusmodi
1660 5361 1858 5418 'l'enrbriorum
1887 5387 1942 5421 non
1966 5386 2091 5441 possunt
2112 5378 2224 5449 effugere

1135 5477 1156 5507 ¹.
1296 5427 1460 5488 calumnias.
1483 5444 1575 5498 nsque
1588 5447 1639 5498 ego
1651 5444 1766 5502 poure,
1791 5433 1837 5503 qui
1852 5435 1948 5490 talibus
1966 5439 2089 5498 collatus
2104 5448 2136 5501 in
2153 5452 2223 5506 nullu
