4776 6024
211 325 284 400 tot
775 306 1213 387 uetsronanuu
1265 308 1373 413 tra.
1416 308 1517 393 xtt
1567 306 1702 392 ross.
2173 306 2254 388 tos

214 493 310 570 Cum
330 492 440 582 igitur
455 483 515 559 hic
529 484 717 560 Hubertus
733 478 956 583 Languctos
972 477 1206 580 Burgundios
1258 508 1357 573 rum3
1391 487 1454 556 scd
1478 499 1629 558 naturae
1655 484 1855 557 firmitatem
1882 485 2039 557 ostendit
2068 484 2256 576 integritas

217 599 256 667 iu
268 591 426 667 ltaliam
440 591 583 675 rediret,
609 606 649 662 ut
663 583 903 662 Bibliothecas
919 589 1117 680 inspiceret,
1142 612 1207 679 po-
1260 612 1413 674 morum,
1437 612 1526 682 qnae
1541 587 1578 657 in
1595 613 1636 658 eo
1651 588 1777 658 eximia
1794 601 1856 659 est.
1894 583 2036 658 Etcum
2051 590 2257 680 cognitione

217 698 394 771 tissimum
410 694 442 764 ei
457 694 577 764 literas
594 695 637 763 ad
654 707 687 762 te
705 693 799 773 dedi,
826 714 931 784 qoem
945 691 1097 760 sciebam
1113 689 1209 759 viros
1261 690 1496 781 plurimarum
1518 714 1639 761 rerum
1661 690 1700 760 in
1720 714 1761 761 eo
1777 690 1969 760 coniuncta
1988 704 2040 762 est
2065 690 2257 782 singularis

109 812 120 835 ·
218 803 352 880 bonos,
382 797 572 888 doctoset
603 796 804 865 moderatos
830 794 981 861 libenter
1012 789 1209 881 complecti.
1263 791 1445 867 modestia.
1494 788 1599 862 Nunc
1616 791 1956 885 qnoquedoctrinae
1973 815 2076 862 causa
2097 792 2138 862 in
2154 791 2259 864 ltalia

219 900 293 975 Nee
310 923 392 969 nero
411 898 491 990 plus
512 897 543 966 ei
559 920 675 967 meum
699 894 960 975 testimonium,
986 917 1090 985 quam
1110 915 1209 960 suam
1263 906 1298 964 et
1319 894 1359 962 iu
1375 890 1513 975 Gallia,
1538 910 1578 966 ut
1599 890 1833 965 bibliothecas
1853 894 2037 986 inspiciat,
2062 895 2161 989 qnod
2178 895 2260 966 fan·

221 1002 388 1072 virtutem
403 1000 496 1090 apud
515 1012 550 1067 te
563 999 680 1067 virum
699 993 925 1067 excellentem
940 992 1111 1084 sapientia
1127 1017 1211 1084 pro·
1263 1008 1357 1065 stum
1380 1006 1415 1063 et
1436 993 1521 1064 felix
1546 994 1609 1079 sit,
1641 995 1758 1065 redire
1779 995 1947 1070 decrevit.
2005 993 2112 1067 Tales
2135 1017 2258 1067 causas

222 1107 322 1176 desse
345 1100 442 1171 volo:
474 1101 537 1169 ubi
561 1099 703 1183 audies,
736 1095 853 1167 statim
880 1095 1055 1185 intelliges
1080 1107 1117 1165 et
1144 1118 1212 1164 πο-
1265 1096 1327 1190 qui
1347 1096 1666 1187 perigrinationum
1689 1091 1842 1178 babent,
1882 1098 1921 1166 in
1944 1097 2135 1169 itineribus
2156 1121 2256 1190 prae-

223 1202 402 1299 lvloropo
416 1223 489 1271 esse
504 1214 539 1271 et
548 1199 663 1270 virum
681 1200 905 1290 prudentem,
921 1199 1134 1282 modestum,
1147 1219 1212 1288 pa·
1265 1199 1367 1290 cipue
1389 1197 1515 1268 tuendi
1535 1211 1631 1269 sunt.
1690 1195 1884 1270 Gratitudo
1906 1200 2004 1269 enim
2027 1201 2178 1272 debetur
2202 1198 2259 1285 iis,

224 1308 276 1378 cis
291 1318 327 1376 et
346 1303 554 1375 concordiae
571 1301 734 1394 publicae
750 1311 938 1382 amantem,
960 1297 1148 1389 integrum,
1173 1319 1214 1366 ac
1266 1299 1329 1393 qui
1341 1298 1482 1370 labores
1493 1298 1710 1391 suscipiunt,
1735 1300 1869 1372 adeunt
1883 1302 2037 1393 pericula
2051 1314 2260 1392 etsumptus

223 1409 373 1499 dignum
395 1402 642 1474 benevolentia
663 1402 842 1472 bonorum
864 1399 1036 1473 virorum.
1093 1396 1214 1487 Quare
1266 1400 1413 1485 faciunt,
1432 1413 1484 1485 ut,
1508 1401 1703 1473 multorum
1717 1402 1869 1491 cognitis
1883 1400 2036 1487 iudiciis,
2056 1403 2259 1474 doctrinam

224 1526 288 1583 tuo
306 1531 387 1577 eum
406 1504 539 1575 iudicio
563 1504 718 1575 tueberis
740 1515 773 1573 et
790 1500 946 1573 ornabis.
996 1496 1147 1570 Alienus
1165 1512 1216 1569 cst
1267 1502 1347 1571 aliis
1368 1501 1648 1588 communicent,
1683 1514 1718 1573 et
1746 1503 1893 1595 pmlatis
1922 1504 2100 1576 veteribus
2127 1528 2259 1575 monu-

224 1636 260 1683 a,
271 1607 504 1691 factionibus,
533 1628 598 1674 nec
627 1604 827 1674 circumfert
849 1600 988 1690 negotia
1019 1602 1216 1693 periculosa
1269 1604 1397 1674 mentis
1418 1605 1616 1689 bonafide,
1642 1617 1735 1675 artes
1752 1606 1941 1678 illustrent.
1990 1602 2154 1675 Haucab
2170 1628 2257 1674 eau-

226 1711 321 1807 paei:
347 1708 418 1780 Sed
442 1701 670 1777 historiarum
685 1717 913 1775 monumenta
930 1703 968 1771 in
983 1698 1216 1801 Bibliothecis
1269 1729 1343 1773 sam
1363 1705 1450 1774 olim
1472 1702 1586 1793 Reges
1615 1706 1758 1796 publice
1781 1707 1914 1794 legatos
1942 1709 1987 1792 ad
2009 1706 2120 1775 claras
2149 1706 2257 1774 urbes

227 1811 378 1908 emersit,
399 1830 470 1902 qna
485 1807 524 1876 in
539 1830 577 1876 re
592 1807 659 1898 ipsi
675 1831 749 1876 non
762 1805 925 1875 defutura
940 1826 1014 1872 esse
1031 1806 1216 1875 doctorum
1269 1807 1467 1878 mittebant.
1519 1805 1615 1877 llaec
1640 1808 1749 1897 igitur
1768 1803 1918 1879 honesta
1933 1806 2079 1877 consilia
2095 1806 2257 1876 omnium

227 1912 342 1985 officia
359 1933 474 2003 spero.
525 1906 643 1977 'fuam
658 1932 741 1977 vero
761 1905 1042 1975 benevolentiam
1062 1930 1136 1974 non
1158 1928 1216 1973 so·
1269 1907 1395 1978 officiis
1425 1907 1577 1979 iuvanda
1600 1922 1694 1983 sunt.
1745 1906 1843 1979 Beue
1864 1909 1943 1979 vale
1965 1908 2117 1978 candide
2137 1909 2259 1979 lector.

226 2016 303 2087 lum
322 2023 468 2106 propter
489 2030 628 2081 cansam
654 2005 964 2102 peregrinationis,
990 2008 1050 2075 sed
1074 2020 1218 2098 propter
1269 2007 1379 2079 Anno
1395 2007 1548 2084 MDLV.
1568 2008 1734 2082 Calendis
1750 2009 1856 2084 lunii.

226 2116 337 2211 ipsim
362 2104 608 2205 prudentiam,
627 2110 881 2200 integritatem,
905 2131 1045 2175 morum
1063 2107 1217 2200 suavita·
1328 2164 1333 2169 .
1792 2120 2211 2219 Philippnsmptamlmn

227 2232 319 2303 tem,
344 2226 379 2284 et
400 2210 658 2284 eruditissimos
679 2232 860 2283 sermones
880 2230 981 2299 spero
1004 2232 1083 2301 erga
1102 2210 1217 2301 ipsum
1261 2224 1268 2235 ·
1864 2254 1973 2300 mnu
1990 2228 2144 2323 propria,

227 2320 307 2391 tore
335 2314 511 2386 eximiam.
562 2309 660 2383 Bene
692 2327 728 2385 et
753 2310 904 2384 feliciter
931 2310 1020 2381 vale.
1070 2309 1218 2386 Calend.
1651 2370 1654 2375 .

231 2416 349 2504 lunii,
373 2414 483 2487 Anno
503 2408 611 2492 165⁵.
1287 2448 2241 2471 -·-·-···-·----··-·-·--·-’··“·····““·

1284 2600 1351 2675 Νο.
1365 2596 1477 2675 6796.
2131 2615 2162 2672 1.
2183 2600 2251 2666 Ιιιιι.

1277 2697 1492 2739 Μ
2121 2696 2261 2724 »ουν

230 2765 428 2899 Q·
665 2812 669 2823 ’
1089 2765 1217 2886 „¹2:22
1566 2786 1690 2876 roo
1719 2784 1970 2901 coeterae.

448 2953 635 3039 Teptim,
665 2952 722 3038 dp
752 2950 1012 3067 Longum).
1343 2945 1441 3004 hlsnlii
1454 2946 1553 3021 fscrsg.
1572 2947 1665 3020 psas.
1700 2946 1786 3021 Epist.
1805 2945 1852 3004 lib.
1868 2944 1902 2999 V.
1922 2966 1948 3018 p.
1962 2944 2014 3000 2⁶7
2025 2963 2085 3019 sqq.

303 3114 388 3187 ‘lllx
412 3110 581 3184 autographo
607 3074 748 3169 Metron,
761 3112 788 3166 ³¹¹
812 3112 940 3168 Biston.
966 3110 1050 3183 nagia
1071 3107 1221 3191 prusiensi
1274 3101 1431 3177 Illustri
1449 3114 1481 3175 el
1501 3098 1712 3200 Magnr'fico
1729 3101 1914 3186 Domino,
1942 3100 2023 3183 Dn,
2049 3099 2266 3175 Iohanni

335 3180 1174 3324 gallitiae?delibililutilaillitllh'ellie'l'llmsumm
1188 3178 1221 3232 ’ἃ
1274 3236 1299 3279 a
1325 3198 1628 3293 Coscicliecz,
1659 3202 1842 3278 Palatino
1863 3200 2079 3277 Siradtanst
2098 3215 2159 3280 etc.
2178 3203 2262 3276 Do-

1491 3309 1593 3381 mino
1606 3334 1674 3381 suo
1689 3317 1887 3379 reverenter
1902 3303 2051 3378 colendo

618 3402 834 3504 (munt)
1276 3449 1324 3538 s.
1350 3460 1396 3537 n.
1446 3460 1616 3533 uturum
1634 3475 1671 3532 et
1693 3454 1883 3553 Magnifice
1906 3458 1974 3553 Du·
2023 3459 2116 3531 scm
2138 3457 2263 3550 saepo,

234 3546 285 3637 S,
309 3556 356 3633 D,
407 3551 590 3629 Omnibus
605 3556 749 3628 lecturis
761 3551 825 3627 bas
839 3556 969 3630 literas.
1008 3552 1114 3626 Extat
1129 3554 1224 3648 apud
1277 3564 1340 3660 qui
1354 3564 1556 3655 disputant,
1580 3577 1660 3634 utra
1677 3587 1734 3632 ars
1754 3565 1919 3648 excellat,
1943 3561 2070 3654 peritia
2089 3559 2266 3640 militaris,

118 3706 128 3725 .
232 3659 455 3735 Clementem
484 3655 767 3729 Alexandrinum
801 3656 971 3729 Heracliti
1002 3682 1140 3737 versus,
1184 3656 1223 3725 in
1277 3692 1323 3737 an
1338 3666 1552 3761 eloquentia.
1602 3663 1763 3760 Utraque
1776 3665 1872 3735 enim
1887 3663 2078 3735 necessaria
2095 3676 2146 3733 est
2160 3662 2264 3745 vitae,

234 3787 308 3859 quo
341 3761 544 3831 describens
558 3753 595 3853 ”)
630 3760 738 3829 vitam
772 3754 1055 3853 philosophicam
1088 3759 1222 3853 inquit:
1277 3785 1309 3842 et
1337 3791 1423 3839 suus
1453 3769 1583 3862 cuique
1609 3767 1709 3837 loeus
1736 3782 1797 3839 est.
1851 3765 2021 3837 Instruxit
2050 3764 2145 3832 enim
2169 3762 2265 3832 Deus

234 3860 352 3939 πολλὰ
384 3861 623 3956 πλανηθῆναι
656 3853 856 3955 διζήμενον
886 3860 1041 3955 ἔμμεναι
1074 3854 1225 3945 ἐσθλόν,
1278 3867 1466 3941 hominum
1499 3870 1610 3940 vitam
1643 3882 1678 3940 et
1715 3868 1838 3939 multis
1875 3880 1911 3938 et
1942 3864 2089 3934 diversl³
2118 3864 2267 3936 arllbffl·

60 3980 75 4045 ἵ
235 3963 390 4049 horest,
413 3963 659 4058 inquisitionis
672 3986 774 4033 eausa
792 3964 1008 4055 peregrinari
1021 3977 1056 4034 et
1071 3963 1225 4032 retinere
1278 3970 1461 4061 Quantum
1484 3984 1601 4042 antem
1623 3971 1729 4041 decus
1753 3970 1798 4041 sit
1819 3966 2036 4061 eloquentia:
2060 3986 2124 4033 vos
2138 3965 2268 4054 guber-

233 4092 352 4140 moress
367 4069 602 4157 lllcol'rtlpws.
641 4063 742 4134 Talis
759 4079 809 4134 881
824 4056 1226 4161 hulusHuperts‘Lan·
1278 4087 1418 4143 natum
1437 4070 1594 4165 Reipub,
1618 4072 1752 4164 optime
1778 4067 1987 4160 intelligitis,
2039 4064 2160 4155 Quare
2182 4060 2269 4137 haec

234 4167 340 4267 {vell
352 4168 543 4256 Burgssssdl
566 4166 657 4250 Vlla,
686 4166 747 4260 qul
766 4191 848 4236 ⁰¹1¹ss
870 4167 958 4237 luris
975 4167 1089 4236 civilis
1107 4164 1224 4236 Sludlo
1278 4175 1394 4248 studia
1417 4175 1625 4245 formandae
1651 4173 1843 4256 orationis,
1876 4185 1911 4242 et
1932 4168 2114 4240 excitanda
2140 4182 2266 4240 sunta

236 4296 275 4343 sc
289 4269 477 4365 praecipue
493 4267 687 4349 dediderit,
712 4283 744 4339 et
761 4268 971 4338 clarissimos
994 4268 1227 4339 iurisconsul·
1281 4277 1404 4362 vobis,
1430 4289 1464 4347 ee
1479 4278 1658 4362 ornanda,
1682 4300 1754 4371 quo
1777 4275 1816 4343 in
1830 4295 1975 4365 genere,
1999 4294 2079 4341 eum
2096 4261 2270 4340 Christo.

236 4374 344 4445 lllsslll
358 4369 477 4442 Gallia
493 4382 527 4439 el
545 4368 644 4440 ltalia
662 4370 849 4455 audiverit,
875 4373 920 4440 atl
937 4395 1012 4439 eam
1028 4370 1226 4441 doctrinam
1278 4371 1746 4476 phoriPannoniilabopes
1758 4372 1992 4468 Reipublicae
2012 4373 2187 4459 mulam,
2210 4394 2268 4440 pe.

236 4475 499 4564 ttllttngentlatn
522 4494 596 4540 esse
614 4472 933 4544 considerallonem
959 4472 1174 4543 iudiciorum
1193 4486 1228 4543 el
1282 4495 1443 4552 verenter
1468 4505 1550 4565 (ιω,
1587 4494 1626 4550 ut
1658 4504 1739 4549 eum
1766 4475 2028 4569 complectaris,
2062 4472 2268 4567 praesertim

235 4577 444 4671 politiarum
465 4574 504 4643 in
522 4572 642 4642 multis
657 4572 871 4663 regionibus.
924 4572 1044 4671 ltaque
1062 4599 1150 4667 pene
1171 4587 1227 4643 lo·
1280 4609 1359 4655 cum
1382 4607 1476 4665 non,
1502 4595 1543 4654 ut
1563 4582 1686 4666 multi,
1710 4580 1787 4650 sine
1808 4594 1955 4651 naturae
1972 4577 2109 4646 viribus
2131 4588 2270 4650 tantum

235 4694 308 4750 ¹⁸¹¹*
325 4675 506 4768 ΕυῖθΡὸῐῃ
526 4674 771 4766 Perluslfflvlh
797 4701 862 4747 ¹¹⁰⁰
882 4689 1019 4748 lanium
1043 4679 1150 4746 urbes
1173 4674 1228 4744 Vl·
1283 4685 1433 4777 prueriles
1453 4686 1583 4754 artium
1605 4683 1746 4753 libellos
1769 4680 1955 4764 didicerit,
1983 4680 2043 4747 sed
2067 4692 2101 4748 et
2125 4676 2270 4766 ingenio

236 4781 308 4866 dit,
333 4781 410 4862 Sed,
435 4790 475 4849 ul
490 4774 670 4847 H⁰l¹¹²f⁰⁸
685 4776 819 4872 inquil,
844 4774 908 4849 καὶ
921 4771 1012 4852 75⁰⁷
1028 4776 1147 4874 ἔγνω,
1170 4774 1229 4844 lu·
1283 4788 1416 4872 valeat,
1443 4801 1477 4857 et
1493 4786 1695 4856 eruditione
1711 4785 1904 4853 instructus
1917 4781 1976 4866 sit,
2002 4792 2042 4850 ut
2058 4791 2091 4848 et
2106 4779 2145 4846 in
2159 4778 2271 4868 expli-

235 4882 328 4952 dicia
353 4883 397 4949 de
426 4874 583 4949 honestis
605 4883 728 4965 celtus,
763 4883 949 4957 doctorum
981 4877 1173 4947 sententias
1194 4888 1229 4946 et
1281 4888 1403 4957 caudis
1430 4882 1590 4958 honestis
1603 4882 1630 4980 ¹)
1662 4887 1819 4956 materiis
1851 4896 1966 4954 sumat
1999 4881 2195 4951 orationem
2228 4901 2271 4946 ex

234 4986 514 5077 duhefflfllffl'uffl
531 4982 688 5074 ‘mpla
705 4978 950 5051 ⁶⁰⁰⁸ldefill'll·
1000 4978 1074 5063 Ᾱθι
1098 4989 1139 5047 ut
1154 4973 1230 5046 ΗΘ·
1283 4990 1374 5059 veris
1396 4990 1573 5074 lontibus,
1604 5002 1639 5059 et
1659 4986 1850 5078 singularis
1867 4985 1912 5054 sit
1931 4986 1970 5053 in
1985 4983 2096 5075 ipsius
2113 4979 2272 5071 scriptis,

236 5087 382 5158 nulllus
414 5084 529 5166 iubet,
569 5086 722 5153 retinere
749 5103 864 5150 ¹¹¹0f0⁸
894 5079 1135 5171 incorruptos,
1167 5072 1228 5150 llic
1284 5093 1320 5160 iu
1335 5089 1365 5190 ²)
1387 5117 1491 5165 versu
1512 5106 1547 5163 et
1567 5092 1680 5161 soluta
1698 5092 1859 5161 oratione
1873 5087 2042 5180 splendor
2056 5098 2091 5156 et
2105 5081 2270 5155 suavitas.

235 5184 419 5283 Httpertus
434 5210 510 5257 non
527 5180 631 5254 lrabet
649 5182 809 5272 contagia
830 5183 1099 5274 peregrinorum
1116 5180 1228 5253 vicio·

235 5344 393 5358 *ευ-ι
398 5349 404 5355 ι
436 5346 463 5354 .-

269 5430 299 5499 *Ι
316 5426 484 5493 describam]
504 5418 630 5493 rescripsi
650 5436 702 5493 pro
718 5420 850 5494 describi,
868 5422 942 5493 quod
961 5419 1040 5478 babet
1051 5418 1229 5495 apographon
1313 5396 1495 5496 1lll‘fmll'fl
1513 5412 1571 5449 ¹⁰¹¹
1586 5392 1667 5449 ΒΜ
1683 5390 1771 5447 ΜΝΙ·

308 5496 511 5553 Νὶῦἷῑώωυῑ·
1184 5526 1188 5531 -
1312 5486 1345 5555 2)
1363 5480 1454 5538 Msul.
1471 5498 1518 5546 sn,
1540 5476 1625 5535 seut.
1641 5484 1715 5532 ut.-
