4776 6024
153 372 250 452 ·669
748 362 1183 446 EPISTOLARUM
1231 361 1336 443 ΗΒ.
1363 362 1447 440 XII.
1500 364 1630 444 1566.
2139 365 2216 442 670

179 545 376 620 saturante
391 541 607 614 conventum
623 539 970 642 Ratisponensem¹).
1015 539 1174 613 Maxime
1221 559 1314 610 mus.
1364 534 1507 609 Servari
1529 539 1639 631 igitur
1659 565 1726 612 nos
1748 566 1767 613 a
1789 541 1864 614 lilio
1879 539 1947 614 Dei
1971 554 2146 634 petamus,
2176 551 2212 610 et

179 649 334 743 optarim
357 647 480 717 doctos
500 656 535 715 ct
559 644 674 715 bonos
691 645 786 716 viros
801 644 941 738 placide
962 646 1006 715 de
1024 643 1173 738 quibus-
1223 661 1403 732 spercmus
1426 664 1506 711 cum
1528 643 1775 715 exauditurum
1793 669 1867 714 esse
1889 645 2040 736 gemitus
2060 656 2212 725 nostros,

179 751 263 823 dam
280 743 531 819 controversiis
545 745 713 840 colloqui.
744 742 961 817 Necmelius
975 747 1172 842 quidquam
1223 740 1287 834 qui
1307 740 1476 827 affirmat,
1508 766 1545 812 se
1570 745 1619 814 sic
1643 762 1778 835 gestare
1801 743 1994 817 Ecclesiam
2020 767 2138 828 suam,
2169 755 2211 812 ut

175 848 328 942 *eogitari
343 861 456 939 potest
470 848 647 917 bonorum
665 861 698 918 et
712 848 898 920 doctorum
914 871 1106 934 consensu,
1132 861 1173 918 ut
1222 854 1342 934 pastor
1364 840 1402 910 in
1424 844 1559 933 gremio
1581 848 1730 918 tenellos
1752 871 1861 938 agnos
1875 860 1985 938 gestat
1999 867 2120 916 recens
2134 842 2210 913 cdi·

180 952 220 1025 in
247 948 410 1021 versibus
438 948 594 1042 antiquis
619 972 708 1043 quos
729 947 831 1022 Plato
853 949 998 1032 recitat,
1029 949 1173 1034 dicitur,
1224 956 1288 1013 tos.
1337 940 1437 1013 Bene
1447 958 1483 1015 et
1499 945 1648 1019 feliciter
1661 949 1756 1030 vale,
1782 950 1961 1019 carissime
1972 950 2090 1017 frater.
2137 943 2209 1015 Pro

180 1077 271 1150 quos
299 1050 498 1122 adscribam
521 1049 603 1143 quia
630 1049 702 1122 scio
729 1047 988 1124 Celsitudinem
1018 1067 1170 1125 vestram

180 1156 315 1230 talibus
329 1152 475 1245 gemmis
491 1150 659 1222 delectari

414 1279 452 1348 od
471 1280 590 1365 χρυσὸς
610 1277 726 1365 ἀγλαὸς

416 1379 490 1448 οὐδ’
511 1378 639 1463 ἀδάμας

413 1480 514 1559 οὕτως
530 1481 697 1569 ἀστράπτῃ
719 1483 800 1568 πρὸς
811 1481 896 1570 d‘qm

413 1579 456 1659 nic
477 1581 610 1668 ἀγαθῶν
632 1580 758 1667 ἀνδρῶν

410 1680 630 1770 ὁμοφράδμων
651 1676 768 1769 νόησις.

257 1808 328 1882 Sed
348 1806 387 1875 in
401 1827 530 1897 magno
543 1818 720 1877 conventu
736 1828 842 1898 quam
855 1805 1046 1880 dissimiles
1064 1806 1170 1878 multi

181 1908 393 1987 conventuri
423 1919 539 1978 essent
570 1905 798 1995 cogitandum
825 1921 888 1985 est.
945 1905 1025 1981 Oro
1049 1922 1169 1981 autem

179 2015 294 2087 lilium
318 2010 397 2094 dci,
431 2019 474 2079 ut
506 2019 543 2078 et
570 2003 752 2085 Ecclesiae.
772 2019 806 2079 et
832 2002 1017 2103 Principes
1043 2022 1079 2081 ct
1103 2033 1169 2080 nos

166 2136 313 2189 omnes-
329 2111 521 2203 gubernet,
550 2119 584 2176 et
608 2120 723 2180 servet
746 2108 993 2186 celsitudinem
1014 2124 1169 2183 vestram

182 2217 409 2290 incolumem.
464 2200 609 2283 Die‘ca
624 2205 793 2304 Ianuarii.

433 2314 649 2402 Celsitudini
663 2341 802 2400 vestrae

839 2429 1003 2515 addictus

683 2523 873 2644 Philippus
891 2527 1119 2608 Melanthos.

192 2908 261 2982 No.
277 2886 393 2981 69¹8.

187 3005 398 3075 ψ

1004 2913 1063 2980 25.
1079 2906 1146 2977 len.

990 3000 1162 3034 m

533 3022 603 3176 M.
631 3087 822 3178 Collina.

250 3265 274 3336 †
290 3261 328 3316 Er
340 3279 435 3335 apogr.
446 3260 475 3316 in
488 3260 552 3319 eod.
563 3259 649 3316 Paris.
666 3260 702 3318 D.
712 3261 745 3320 L.
759 3262 792 3318 61
798 3262 821 3316 ⁸.

281 3414 532 3493 Malthace
558 3412 774 3499 Collina,
801 3380 842 3488 in
860 3414 1064 3490 Academia

576 3513 772 3613 Pragcnsi.

182 3658 231 3744 S.
256 3669 302 3742 D.
353 3647 555 3738 Clarissime
586 3668 644 3737 vir
668 3669 702 3738 et
732 3628 1056 3738 carissimefratcr.
1107 3629 1192 3746 Εἲς.

183 3765 317 3863 ὄμματ’
353 3767 464 3842 εὔνου
497 3763 623 3864 φωτὸς
655 3762 855 3862 εἲςβλέπειν
877 3759 1019 3864 γλυκύ,
1053 3764 1172 3860 inquit

182 3869 384 3962 Euripides.
434 3867 634 3961 Conspectu
656 3869 766 3961 igitur
781 3881 817 3940 et
831 3867 981 3939 eruditis
996 3870 1172 3939 sermoni-

183 3975 250 4046 bus
270 3965 449 4043 Thaida·
466 3974 569 4043 valde
594 3971 756 4043 delectati
779 3992 902 4042 sumus
922 3992 986 4061 ego
1009 3982 1045 4041 et
1064 3993 1172 4060 gener

181 4099 297 4162 meus,
329 4069 518 4150 Pcuccrus.
567 4072 616 4146 Et
639 4078 844 4169 quanquam
869 4094 989 4143 coram
1013 4070 1086 4144 frui
1108 4085 1170 4144 tuo

182 4189 371 4268 conspectu
396 4201 469 4247 non
494 4174 693 4266 potuimus,
726 4187 843 4247 tannn
864 4185 901 4246 et
923 4185 1043 4246 mente
1058 4188 1093 4246 te
1112 4174 1172 4243 iu-

182 4281 389 4356 tnebamuc,
421 4290 454 4349 'et
475 4279 519 4348 de
541 4292 576 4347 te
597 4278 709 4347 multa
735 4275 1011 4347 sciscitabamur.
1060 4273 1169 4346 Mitto

181 4380 250 4451 tibi
277 4379 447 4470 pagellas,
486 4403 576 4472 quae
605 4377 720 4449 studia
752 4373 964 4449 Academiae
990 4389 1172 4473 utcunque

181 4482 386 4551 ostendunt.
436 4478 646 4569 Significant
666 4478 771 4549 etiam
796 4478 934 4548 nostras
957 4475 1170 4546 sollicitudi-

180 4603 246 4650 nes
259 4583 302 4648 de
316 4580 479 4649 veniente
495 4604 589 4649 anno
605 4572 667 4672 1’),
697 4581 760 4672 qui
775 4592 816 4650 ut
827 4577 912 4648 felix
929 4592 964 4649 ct
979 4578 1113 4648 faustus
1127 4578 1172 4650 sit

180 4677 360 4755 Ecclesiae
374 4679 441 4750 Dei
457 4694 491 4752 et
505 4683 574 4773 piis
588 4680 731 4751 familiis
744 4679 880 4775 ubique
895 4691 931 4752 ct
950 4679 1017 4750 tibi
1039 4691 1074 4750 et
1090 4692 1171 4750 tuae

181 4782 392 4853 domesticae
419 4780 599 4854 Ecclesiae
625 4782 730 4854 faciat
761 4782 856 4852 filins
880 4778 964 4867 Dei,
996 4781 1060 4876 qui
1091 4781 1171 4851 ideo

182 4907 331 4955 massam
355 4878 504 4967 humani
528 4885 667 4974 generis
687 4884 870 4969 assumsit,
895 4895 1016 4954 utnos
1031 4878 1172 4972 fragiles

182 4985 331 5057 intectos
355 5009 437 5056 suae
462 5009 595 5056 massae
623 4999 793 5078 tanquam
815 4984 977 5056 surculos
994 4996 1115 5081 *servet
1137 4997 1174 5056 ct

183 5087 364 5174 gubernet.
405 5085 573 5159 Humana
589 5087 765 5181 praesidia
783 5084 887 5157 nulla'
897 5108 1047 5181 usquam
1063 5079 1173 5155 habe-

183 5252 260 5267 *a
267 5256 407 5266 ana-unnu—

214 5355 244 5424 2)
262 5355 360 5412 Mense
377 5357 484 5413 Martio
502 5355 568 5411 anni
589 5353 665 5410 1556.

211 5437 243 5509 θ)
266 5439 316 5497 cat
339 5457 452 5499 ermen
473 5458 491 5498 ι
514 5440 632 5507 Rectors
648 5435 812 5505 Audentis·
834 5435 942 5495 etima
962 5434 1053 5510 Mit-
1068 5433 1172 5495 Mc.

253 5508 344 5574 1566..
362 5510 436 5582 qnod
458 5508 556 5580 legitur
573 5508 604 5565 in
619 5506 736 5582 scriptia
751 5504 985 5583 putem-T.
997 5503 1038 5567 ll.
1141 5573 1144 5580 Ι

1222 1044 1336 1114 xeniis
1353 1045 1424 1115 tuis
1444 1059 1480 1118 et
1502 1049 1614 1118 debeo
1634 1061 1668 1119 et
1684 1045 1798 1120 habeo
1814 1051 1981 1139 gratiam,
2012 1050 2073 1118 sed
2094 1046 2209 1116 multo

1222 1147 1391 1216 maiorem
1417 1148 1668 1236 gratitudinem
1693 1176 1758 1243 pro
1782 1165 1951 1243 perpetua
1971 1165 2031 1220 tua
2048 1170 2128 1237 erga
2151 1168 2209 1215 me

1222 1247 1465 1318 benevolentia
1489 1248 1553 1319 tibi
1575 1251 1702 1322 debeo.
1753 1251 1929 1323 Frucmur
1953 1264 2070 1321 autem
2087 1260 2208 1317 nostra

1221 1348 1376 1419 amicitia¹
1400 1350 1583 1442 aliquanto
1616 1365 1695 1443 post
1718 1353 1857 1422 dulcius
1887 1355 1925 1420 in
1952 1347 2209 1422 consuetudine

1222 1446 1577 1521 coelestisEcclesiae
1603 1452 1699 1522 inter
1721 1467 1861 1525 nostros
1880 1455 2062 1535 doctores,
2094 1448 2208 1526 filium

1222 1550 1305 1634 Dei,
1327 1544 1528 1640 prophetas,
1555 1553 1732 1644 apostolos
1747 1565 1781 1623 et
1799 1553 1947 1642 collegas
1964 1574 2099 1636 corum,
2117 1574 2208 1645 quo-

1221 1674 1300 1721 rum
1325 1652 1482 1743 prolecto
1499 1652 1676 1747 colloquia
1694 1669 1835 1744 expeto,
1859 1678 1987 1747 meque
2005 1677 2046 1722 ex
2066 1648 2133 1722 hac
2147 1674 2207 1721 ra·

1222 1751 1279 1822 bie
1296 1751 1521 1842 ingeniorum
1536 1746 1643 1823 huius
1658 1755 1767 1824 seculi
1781 1755 1927 1825 liberari
1944 1766 2038 1846 opto.
2072 1751 2208 1824 lterum

1221 1854 1309 1925 vale.
1359 1852 1431 1922 Die
1446 1855 1507 1927 25.
1524 1851 1700 1939 ianuarii,
1716 1851 1837 1959 j556.
1889 1854 2045 1926 Salutem
2062 1867 2145 1945 opto
2162 1850 2207 1922 D.

1221 1948 1367 2024 Adamo
1381 1967 1415 2024 et
1430 1954 1509 2024 aliis
1522 1955 1663 2041 amicis,
1687 1978 1728 2025 ac
1748 1955 1935 2050 praecipue
1948 1954 1993 2031 D.
2007 1947 2194 2052 Grispeclc.

1562 2512 1613 2598 V.
1641 2512 1872 2602 Richtero.

1289 2674 1311 2739 i
1329 2669 1367 2727 Er
1384 2689 1478 2746 apogr.
1493 2671 1524 2729 in
1541 2674 1605 2731 ead.
1625 2673 1762 2732 Melicert.
1779 2695 1825 2733 no.
1838 2675 1864 2733 1.
1882 2677 1946 2752 μί.

1215 2821 1271 2904 'V
1266 2823 1451 2899 caecando
1475 2827 1572 2918 viro,
1609 2827 1777 2904 Domitio
1800 2827 1869 2930 [V
1871 2833 1887 2905 i
1893 2842 1937 2906 to
1961 2829 2028 2907 Bi
2034 2829 2209 2938 chtcro]

1224 2923 1377 3002 Pastori
1397 2927 1589 3004 Ecclesiae
1603 2929 1684 3003 Dei
1702 2932 1741 3005 ia
1762 2933 1849 3006 urba
1861 2933 2055 3012 Damasco
2068 2933 2208 3038 [Dom-

1500 3029 1697 3134 mitzsch],
1722 3035 1841 3108 amico
1857 3063 1935 3126 suo,
1996 3065 1999 3070 ·

1222 3166 1271 3256 S.
1295 3178 1342 3258 D.
1392 3180 1762 3255 Venerandedomine
1777 3184 1911 3258 Pastor.
1962 3187 2128 3260 Narravit
2144 3213 2235 3257 no»

1223 3285 1278 3354 bis
1292 3278 1350 3353 hic
1374 3279 1599 3380 Wolsgaag
1618 3309 1643 3355 a
1657 3278 1882 3372 Rotschcita,
1907 3304 2011 3361 natus
2028 3304 2127 3381 patre
2143 3314 2210 3358 no-

1223 3383 1300 3463 bili,
1328 3383 1391 3476 qui
1407 3397 1509 3453 antea
1523 3386 1562 3454 in
1576 3381 1773 3456 Anhaltina
1787 3388 1924 3458 ditione
1940 3414 2049 3482 prope
2062 3386 2209 3459 Dessam
2239 3391 2243 3401 “

1115 3560 1118 3565 ,
1222 3484 1313 3553 rexit
1334 3481 1547 3569 Ecclesiam,
1582 3485 1773 3555 desiderari
1794 3489 1985 3559 diaconum
2017 3494 2111 3584 apud
2137 3513 2211 3565 vos.
2345 3528 2348 3535 ·

1223 3582 1308 3653 Fuit
1328 3576 1538 3675 aliquandiu
1562 3583 1602 3654 in
1627 3584 1825 3656 calamitate
1852 3613 1926 3658 non
1955 3615 2074 3682 parva.
2126 3578 2209 3660 ideo

1223 3707 1308 3766 oro,
1333 3697 1374 3754 ut
1391 3684 1423 3753 ei
1437 3684 1579 3755 diaconi
1600 3686 1757 3756 officium
1775 3687 1949 3765 tribuatis.
2000 3691 2112 3782 Spero
2135 3694 2211 3761 fore

1222 3783 1445 3856 obedientem
1460 3786 1582 3869 vobis,
1596 3800 1642 3859 -et
1657 3790 1865 3876 modestum,
1891 3809 1924 3862 et
1941 3793 1978 3861 in
1994 3793 2109 3863 officio
2125 3793 2211 3862 dili·

1222 3900 1375 3979 gentem.
1406 3884 1505 3958 Bene
1520 3889 1644 3962 valete.
1676 3888 1745 3963 Dic
1761 3892 1886 3961 ultimo
1902 3892 2059 3964 lanuarii
2078 3891 2188 3969 1656.

1715 4003 1903 4100 Philippus
1925 3990 2150 4082 Melanthon.

1273 4121 1406 4212 Scripsi
1426 4125 1548 4195 eadem
1564 4126 1609 4196 de
1630 4148 1669 4195 re
1692 4127 1735 4194 acl
1754 4123 1926 4197 Senatum
1942 4143 2110 4202 vestrum.

1323 4223 1433 4296 Mitto
1447 4224 1549 4296 vobis
1565 4239 1599 4296 et
1615 4226 1750 4297 scribae
1766 4229 1930 4319 pagellas.

2058 4582 2088 4640 1.
2100 4573 2187 4638 Febr.

2032 4661 2205 4695 m

1573 4745 1640 4834 Io.
1667 4747 1869 4836 Belloio.
1942 4768 1943 4775 ‘

1289 4905 1483 5048 Sclq’qtbpqist.
1497 4928 1525 4984 p.
1537 4907 1600 4966 stt.
1635 4908 1721 4981 Epist.
1740 4907 1788 4963 lib.
1800 4909 1824 4964 1.
1843 4927 1869 4979 p.
1882 4909 1942 4966 167.
1960 4911 2015 4996 (ecl.
2026 4911 2115 4971 Lond.
2135 4914 2182 4969 lib.
2192 4913 2213 4972 l.

1226 4558 1289 4634 No.
1305 4556 1418 4632 6920.
1438 4664 1440 4669 Ι

1233 4655 1400 4686 m

1222 5119 1544 5196 Reverendissimo
1567 5119 1734 5194 Domino
1763 5113 1973 5202 Cardinali
2001 5127 2219 5205 Iohanni

1333 5220 1427 5296 Bet
1434 5222 1451 5294 t
1458 5224 1511 5296 ai
1517 5248 1556 5318 o,
1583 5221 1772 5323 Episcopo
1786 5220 2016 5320 Parisicnsi,
2039 5242 2102 5308 etc.

1223 5359 1275 5448 S·
1301 5375 1350 5450 D.
1401 5372 1649 5447 Reverendiss.
1681 5372 1852 5463 Domine,
1890 5376 1937 5449 Et
1969 5381 2119 5452 maurini
2147 5384 2219 5455 viri

1223 5475 1393 5572 sapientis
1407 5491 1442 5550 et
1455 5475 1542 5549 boni
1558 5478 1611 5549 tui
1626 5478 1747 5550 fratris
1760 5481 1923 5562 consilia,
1947 5499 1980 5550 et
1996 5483 2101 5554 dulce
2115 5506 2217 5581 spre-
