4734 6016
115 334 193 416 su
689 322 1118 417 uelsrouanuu
1167 334 1272 412 utu
1296 332 1378 416 xn.
1432 335 1564 414 tsso.
1977 346 1981 353 ’
2072 346 2148 439 sis

116 511 272 604 Quidam
295 512 496 603 disputant,
528 535 656 604 corpus
679 512 812 607 ubique
834 537 924 596 esse,
956 513 1101 608 quidam
1156 507 1371 597 significabo.
1423 506 1478 579 'l'e
1494 533 1577 594 oro,
1601 521 1639 579 nt
1657 509 1701 579 de
1722 509 1865 601 negotio
1880 510 2040 584 omnium
2066 542 2142 589 ma-

118 616 243 684 iubent
258 617 382 685 alumli
398 629 545 699 terram,
568 616 597 684 si
613 614 698 704 quid
714 615 864 685 effusum
881 617 937 690 sit.
987 614 1101 685 Nemo
1155 610 1250 681 ximo
1273 624 1481 682 cunctanter
1505 633 1603 700 agas,
1630 614 1833 703 praesertim
1858 639 1936 685 cum
1955 615 2143 691 Polouicns

119 730 273 785 vestrum
298 716 415 807 posssit
436 716 732 808 propositionem,
757 742 863 812 quam
889 741 1025 787 necesse
1050 727 1102 784 est
1156 711 1431 783 deliberationes
1448 726 1699 803 exspectemus.

115 819 252 909 opponi
270 815 437 908 Papistis:
463 814 556 887 nihil
574 815 680 889 lrabct
699 819 873 889 rationem
889 815 1099 889 sacramenti
1257 813 1365 884 Mitto
1385 814 1556 905 pagellas,
1574 813 1636 882 etsi
1653 830 1734 884 :une
1750 839 1804 883 me
1824 814 1959 886 misisse
1975 819 2140 897 arbitror,

117 933 212 989 extra
229 944 345 992 usum.
396 917 466 990 Sed
485 916 570 989 haec
588 920 673 990 alias
687 920 865 1011 copiosius
1154 911 1257 983 Nunc
1281 910 1372 991 ulltll
1401 910 1515 985 balneo
1538 915 1723 986 recentius.
1775 915 1883 987 Mitto
1905 930 1937 987 et
1955 921 2140 1010 epistolam

221 1017 334 1091 Oravi
357 1014 578 1105 Beseldum,
604 1035 643 1092 ut
665 1021 731 1092 ribi
756 1017 917 1093 hornum·
940 1035 1029 1092 esset
1054 1021 1098 1089 ad
1155 1015 1272 1085 vicino
1288 1031 1403 1086 vestro
1421 1016 1647 1108 inscriptam,
1673 1040 1778 1110 quam
1795 1010 1921 1088 Lusco
1943 1021 2034 1092 mitti
2053 1025 2141 1112 peti-

117 1121 342 1191 concurdiam
366 1123 602 1208 sarciendam3
636 1146 732 1193 nucrc
759 1123 853 1191 idem
877 1137 911 1194 te
935 1123 1009 1214 ipse
1033 1122 1099 1192 ad·
1156 1116 1214 1215 vit.
1267 1114 1686 1193 Beuevale'etrescribc.
1736 1117 1804 1188 Die
1824 1117 2010 1194 vtllech.
2031 1120 2140 1199 1556.

119 1217 260 1309 hortor,
285 1230 319 1293 e'l
343 1222 490 1293 memini
518 1238 551 1293 te
577 1225 782 1315 promittere
805 1224 910 1297 uobis
934 1248 973 1294 ea
998 1224 1035 1292 in
1062 1248 1100 1293 re
1879 1216 1974 1297 Phil.
2002 1225 2088 1299 Mel.

117 1324 275 1395 studium
294 1338 413 1410 tuum,
439 1349 518 1394 cum
539 1349 557 1393 a
573 1326 678 1395 uobis
693 1326 901 1396 discederes.
952 1324 1013 1396 Tu
1029 1323 1100 1394 lui-

118 1425 163 1495 sti
191 1439 309 1518 postea
334 1438 374 1496 ut
399 1420 602 1495 Alcibiades
624 1450 704 1496 cum
729 1430 772 1496 ad
800 1425 1099 1497 Lacedaemonios

118 1528 324 1598 accessisset.
379 1524 451 1597 Sed
474 1528 591 1597 sanari
622 1522 709 1598 llaec
732 1523 850 1600 adhuc
870 1541 1036 1620 possunt,
1068 1526 1097 1597 si
1163 1566 1218 1637 No
1246 1566 1346 1640 6129
1990 1590 2012 1652 9
2041 1582 2117 1648 Dm

117 1628 243 1710 vultis,
280 1649 405 1719 meque
436 1627 548 1697 ollero
579 1630 624 1698 ad
659 1629 831 1700 iudicium
860 1626 1098 1701 Ecclesiarum
1157 1620 1371 1701 *0225ss
1986 1628 2141 1702 ssw

116 1725 416 1818 llamburgensis,
447 1726 716 1800 Bususriceusis
744 1744 778 1801 et
800 1728 1099 1815 Lnucburgeusis.
1357 1750 1557 1842 mmm
1568 1742 1764 1841 Imm„
1784 1757 1834 1841 D
1861 1760 1930 1846 M·

117 1825 213 1899 Bene
230 1831 305 1900 vale
321 1844 355 1900 ct
371 1831 534 1902 rescribe.
572 1829 943 1907 Cal.Dece1ub.anno
965 1827 1073 1904 1556.
1428 1860 1436 1873 ·
1834 1824 1845 1848 ⁶

1155 1420 2137 1454 *an-*mm

1204 1915 1247 1970 Ex
1260 1918 1429 1985 autographo
1441 1913 1468 1967 in
1483 1913 1763 1972 estabusoerinmu
1777 1917 1849 1973 edile
1863 1921 1891 1975 in
1907 1923 1939 1981 Ε.
1949 1924 2033 1980 lude
2043 1927 2140 1983 Wese-

1251 1985 1358 2051 pnolen
1372 1983 1558 2035 monumentis
1581 1982 1689 2036 ineditis
1702 1982 1833 2046 German.
1848 1993 1990 2063 praecipue
2007 1996 2139 2056 Cimbric.

691 2076 726 2085 .-
815 2077 825 2084 .
848 2075 890 2085 .-
951 2069 1088 2082 ---
1254 2061 1282 2104 et
1295 2048 1531 2135 Megspolensjum
1539 2048 1572 2107 Τ.
1584 2052 1631 2107 lv.
1651 2052 1736 2125 (lips.
1744 2056 1833 2126 174⁵.)
1853 2076 1880 2130 p.
1897 2061 1965 2116 tsss
1977 2082 2017 2134 sq.
2034 2068 2139 2136 (uur-

1250 2128 1334 2174 stem.
1351 2119 1513 2191 descripsit.)

131 2248 325 2324 Nautes.
973 2254 1101 2377 Q
1226 2269 1445 2347 Iohanni
1470 2273 1685 2381 Alberto,
1711 2278 1817 2353 Duri
1837 2280 2062 2387 Megupolit.

127 2347 339 2384 Μ

383 2450 444 2542 Α.
472 2452 838 2565 Ηανᾱθηρενὲῑο,
896 2404 923 2524 ¹.
1154 2413 1202 2503 S.
1225 2425 1272 2505 D.
1333 2427 1572 2499 illustrissime
1597 2446 1632 2501 et
1659 2433 1930 2509 clementissime
1958 2438 2140 2541 Princeps.

1155 2530 1263 2621 Quod
1279 2527 1460 2602 Celsitudo
1471 2529 1594 2603 Vestra
1610 2548 1644 2603 et
1654 2529 1831 2606 Ecclesiae
1855 2553 1890 2610 et
1910 2542 2000 2612 meis
2013 2548 2140 2619 vulne³

186 2633 264 2690 Edita
282 2635 310 2690 ¹¹¹
329 2632 459 2705 ⁶“llt’l
472 2634 582 2700 666090
594 2636 638 2691 Μ
653 2635 754 2704 ²1¹¹til·
770 2634 879 2704 littll·
898 2634 928 2692 Ρ·
947 2634 993 2692 ¹¹¹·
1006 2635 1100 2706 pm.
1154 2632 1253 2702 ribus
1275 2632 1408 2701 mederi
1433 2646 1601 2725 conatur,
1626 2638 1773 2723 gratiam
1796 2632 1910 2709 liabeo
1925 2639 2138 2720 Celsitudini

278 2785 333 2864 D·
356 2782 552 2858 Albam
575 2781 949 2884 Hardenhergm
1157 2732 1319 2819 Vestrae,
1351 2747 1456 2827 atque
1477 2735 1614 2804 utinam
1639 2738 1687 2806 ita
1711 2738 1794 2808 lelix
1816 2739 1862 2810 sit
1886 2745 2075 2820 medicatio
2099 2744 2141 2824 tlt

1153 2848 1205 2905 est
1237 2834 1300 2903 illa
1329 2832 1543 2905 Samaritani
1577 2835 1615 2905 in
1640 2833 1836 2928 Evangelio
1861 2843 2017 2923 recitata.
2066 2848 2140 2923 Nee

119 2930 334 3013 Reverende
350 2937 404 3008 vir
422 2952 455 3009 et
472 2936 650 3007 carissime
665 2940 784 3008 frater.
836 2937 1036 3008 Prudenter
1048 2938 1101 3008 lc·
1153 2961 1238 3006 vcro
1253 2949 1325 3005 tam
1343 2935 1487 3026 ignarus
1507 2959 1586 3006 sum
1606 2941 1806 3010 communis
1829 2943 1921 3015 vitae
1940 2962 2003 3019 aut
2026 2943 2140 3021 laisto·

119 3045 219 3130 cisti,
251 3044 346 3135 quod
381 3053 517 3110 tantum
545 3039 728 3109 instituisti
754 3040 1029 3130 disputationem
1058 3040 1102 3108 de
1155 3038 1309 3120 riarrrm,
1335 3049 1472 3106 utnon
1498 3036 1604 3107 sciam
1623 3039 1661 3108 in
1678 3041 1958 3115 dissensionibus
1973 3050 2139 3123 civilibus

119 3139 438 3240 propositione¹),
479 3144 523 3210 de
556 3166 625 3232 qua
658 3141 843 3211 nrdvecsac
879 3140 1102 3234 antiquitatis
1154 3139 1405 3229 exspectandos
1419 3161 1492 3208 esse
1510 3140 1628 3208 varios
1643 3165 1759 3226 casus,
1784 3145 1828 3213 iis
1849 3148 1910 3239 qui
1930 3152 1972 3217 ad
1998 3156 2138 3241 negotis

119 3242 511 3319 sententiamdelendis.
537 3242 660 3312 Meum
674 3243 863 3313 consilium
879 3257 912 3312 et
930 3242 1100 3312 iudicium
1154 3235 1390 3324 adhibentur,
1424 3255 1464 3309 ut
1487 3240 1526 3307 in
1550 3241 1643 3326 acie,
1678 3256 1714 3313 ct
1738 3245 1850 3314 varias
1881 3269 1956 3318 esse
1980 3253 2072 3323 vices
2099 3279 2139 3326 ac

119 3348 244 3441 scripsi
258 3343 463 3419 D.Cousuli
478 3339 532 3438 ²),
558 3368 597 3413 ac
623 3345 780 3434 prolecto
802 3345 973 3432 optarim,
995 3344 1100 3412 etiam
1154 3363 1255 3430 saepe
1282 3353 1364 3408 ante
1385 3341 1436 3409 20
1458 3363 1570 3410 anuos
1592 3336 1676 3411 haec
1696 3339 1785 3411 milti
1802 3346 1871 3415 lata
1889 3351 2022 3436 cecini,
2049 3350 2149 3435 lore,'

118 3450 280 3522 Lutetiae
295 3460 328 3517 et
343 3446 499 3536 plurium
521 3445 779 3514 academiarum
796 3445 926 3513 iudicia
939 3444 1100 3531 flagitari.
1153 3440 1403 3533 utaliquando
1423 3464 1444 3509 a
1464 3441 1607 3531 collegis
1624 3442 1860 3533 opprimerer,
1885 3463 1923 3519 ut
1943 3447 2139 3531 Therame-

72 3566 74 3570 ’
117 3548 307 3642 Properari
326 3571 366 3615 eo
382 3545 502 3615 minus
516 3544 642 3629 velim,
666 3545 749 3637 quia
773 3555 808 3612 et
834 3545 871 3613 in
892 3542 1041 3613 Polonia
1067 3556 1103 3613 et
1155 3565 1217 3610 nes
1231 3541 1267 3609 in
1283 3535 1429 3609 historia
1453 3537 1575 3610 clttica.
1627 3540 1752 3613 Feram
1778 3546 1885 3634 igitur
1900 3548 1976 3622 Deo
1995 3556 2140 3631 iuvante

119 3655 158 3723 in
175 3647 369 3721 Germania
392 3658 588 3715 conventus
610 3646 830 3714 eruditorum
845 3645 920 3714 lore
936 3644 1101 3715 arbitror.
1155 3641 1324 3737 quicquid
1342 3641 1479 3713 accidit.
1529 3637 1607 3713 Etsi
1622 3636 1740 3716 autem
1762 3649 1833 3718 scio
1861 3675 1918 3720 me
1944 3677 2016 3724 uon
2045 3654 2141 3732 atra-

118 3747 312 3829 Iohannes
333 3771 357 3815 a
383 3740 508 3816 Lusco
530 3741 594 3816 huc
618 3746 686 3817 iter
702 3741 848 3838 lecit³),
877 3746 1102 3837 proficiscens
1153 3738 1345 3835 μάρτητον
1362 3766 1452 3824 esse,
1478 3754 1595 3812 tamen
1613 3769 1709 3815 meos
1731 3747 1871 3820 labores
1891 3776 1993 3843 spero
2017 3760 2138 3831 multis

118 3859 159 3927 iu
175 3851 382 3928 Poloniam,
410 3847 472 3941 qui
488 3861 623 3939 sperat,
647 3847 871 3917 nobilitatem
893 3846 1100 3917 Polouicam
1156 3845 1390 3935 prudentibus
1413 3857 1444 3913 et
1468 3844 1573 3913 bouis
1590 3846 1675 3916 viris
1698 3863 1801 3920 notos
1823 3866 1857 3922 et
1872 3857 2038 3944 probatos
2054 3848 2140 3939 esse.

120 3957 374 4051 postulaturum
402 3972 496 4033 esse,
526 3964 565 4020 ut
587 3948 760 4019 Gerusaui
787 3949 893 4020 etiam
923 3948 1034 4041 aliqui
1055 3949 1100 4018 ad
1155 3942 1201 4017 Et
1219 3946 1332 4015 lilium
1348 3944 1418 4015 Dei
1432 3945 1593 4038 quotidie
1608 3972 1696 4032 oro,
1722 3965 1760 4020 ut
1784 3978 1842 4022 me
1864 3960 1993 4039 σκεῦος
2017 3957 2138 4043 ἐλέους

119 4058 304 4152 Synodum
330 4051 534 4123 Polonicam
561 4052 725 4131 veniant,
753 4051 938 4142 praecipue
963 4065 998 4119 ut
1020 4044 1103 4141 napi
1156 4063 1188 4117 et
1205 4071 1375 4137 organum
1392 4045 1459 4136 ipsi
1474 4061 1614 4137 gratum
1628 4049 1742 4121 laciat.
1793 4052 1928 4145 Scripsi
1948 4082 2138 4158 peuesup-

120 4152 381 4251 niptolu'rpeluc
395 4152 684 4245 piumtlecretum
697 4154 883 4224 condatur.
933 4149 1102 4223 Comm-
1157 4148 1282 4240 plicem
1304 4149 1487 4238 epistolam
1514 4150 1557 4219 ad
1576 4144 1781 4243 Illyricum.
1832 4151 1929 4227 llaec
1950 4162 2037 4233 adeo
2063 4188 2140 4237 nou

120 4278 217 4333 ratus
231 4257 289 4330 hic
302 4271 352 4327 est
367 4258 544 4343 integrum
560 4254 674 4338 diens,
698 4258 792 4325 etde
810 4268 843 4325 te
857 4254 968 4323 sstulta
987 4249 1103 4320 lsouo-
1157 4250 1306 4342 placavit
1322 4274 1421 4334 essm,
1447 4262 1486 4318 ut
1502 4252 1720 4343 rescripserit
1731 4254 1835 4344 louge
1850 4261 2014 4341 atrocius.
2053 4265 2137 4353 Sive

120 4365 216 4435 rilice
241 4365 379 4433 locutus
405 4371 466 4427 est.
526 4349 657 4427 Adhuc
686 4356 791 4426 etiam
827 4355 865 4423 in
889 4351 1103 4423 Germanico
1156 4365 1216 4420 aut
1238 4350 1478 4442 papismornm
1501 4350 1574 4421 sive
1596 4353 1749 4423 aliorum
1773 4352 1863 4428 mihi
1881 4363 2030 4434 saevicia
2051 4371 2139 4441 sub·

121 4476 297 4537 consentu
330 4456 548 4550 colloquium
590 4452 834 4546 theologorum
860 4467 1103 4551 exspectatur.
1157 4455 1272 4522 circada
1298 4451 1382 4537 erit,
1410 4451 1484 4522 Deo
1500 4476 1557 4522 me
1574 4457 1794 4530 commendo.
1846 4458 1916 4531 Sed
1939 4463 1967 4532 si
1983 4463 2139 4541 Celsitu-

120 4558 454 4637 NamRatishonue
472 4581 587 4647 nuper
601 4561 778 4631 decretum
792 4569 865 4645 est,
889 4571 928 4626 ut
942 4557 1015 4625 sint
1030 4557 1103 4643 rol·
1156 4557 1203 4624 do
1233 4560 1347 4624 vestra
1374 4550 1540 4623 dirimere
1572 4558 1829 4628 controversias
1860 4576 1998 4634 nostras
2031 4571 2141 4660 volet,

121 4671 295 4738 locutores
304 4652 501 4736 Cernimus,
518 4652 745 4752 Staphylus,
763 4654 805 4726 V
798 4654 928 4755 [gelius
940 4665 972 4727 cl
981 4653 1103 4727 Brcn-
1156 4655 1287 4727 scribat
1304 4653 1525 4747 conditiones
1547 4667 1581 4726 et
1598 4654 1636 4724 iu
1653 4651 1708 4725 lais
1725 4682 1789 4749 pro
1805 4681 1867 4730 sua
1885 4665 2067 4741 excellenti
2081 4697 2140 4745 sa..

122 4767 208 4855 tius,
225 4752 669 4863 SncpsiusacPlsilippus.
720 4760 757 4830 Si
773 4760 901 4830 veritas
917 4783 1101 4852 quaerere-
1157 4757 1289 4848 pientia
1323 4749 1516 4830 ἐπιείκειαν
1548 4748 1731 4845 adhibeat,
1773 4785 1883 4854 quam
1917 4758 2145 4855 profuturam

123 4887 200 4954 tur,
231 4868 425 4960 optandum
451 4874 556 4946 esset,
582 4876 622 4933 ut
647 4864 852 4951 procederet
873 4861 1103 4957 colloquium.
1158 4859 1235 4950 paci
1266 4854 1493 4944 existimabi13'
1530 4881 1596 4928 nec
1628 4882 1751 4930 recuso
1784 4885 1905 4952 parere
1927 4865 2140 4947 celsitudini

120 4973 189 5045 Sed
208 4993 294 5066 quas
310 4968 529 5045 voluntates,
555 4985 644 5055 quae
659 4962 873 5052 praeiudicia
888 4958 1025 5051 singuli·
1041 4964 1105 5045 atl-
1160 4957 1313 5037 Vestrae.
1359 4957 1430 5030 Sed
1445 4959 1552 5053 uelim
1568 4960 1613 5029 de
1627 4972 1701 5031 toto
1720 4962 1900 5036 doctrinae
1918 4992 2064 5062 corpore
2080 4998 2143 5049 ex·

120 5077 252 5159 ferent,
278 5093 352 5140 nou
373 5068 527 5157 ignoras.
578 5063 757 5157 Quicquid
786 5077 900 5145 aretem
927 5064 1013 5144 crit,
1039 5064 1105 5133 tibi
1145 5063 1301 5153 plicatas
1323 5059 1506 5154 utriusque
1530 5061 1722 5130 sententias
1746 5061 1890 5158 inquiri.
1949 5067 2141 5166 Nam-ipse

1159 5163 1243 5255 quid
1270 5159 1398 5230 sentiat
1423 5162 1466 5228 de
1491 5160 1613 5230 multis
1646 5163 1782 5252 maguis
1809 5168 1913 5236 celim
1945 5171 2144 5259 ignoratur.

161 5324 192 5394 l)
209 5321 420 5392 propositione:
440 5336 474 5372 sn
490 5333 555 5371 esro
568 5311 668 5370 Christi
683 5315 717 5367 sit
732 5313 856 5386 ubique?
935 5386 938 5391 Ι
1160 5260 1241 5332 Mea
1257 5261 1584 5379 stripiafxmmft
1603 5266 1857 5353 pml'emlldum
1869 5280 1989 5386 domm
2005 5277 2140 5351 ‘beffi-

158 5413 187 5472 2,
208 5411 279 5464 usa.
295 5425 348 5461 van
366 5406 468 5457 qm
504 5400 615 5470 (qq-3„
1005 5452 1008 5457 Ι
1160 5386 1226 5432 nae
1243 5386 1369 5453 corpus
1384 5386 1425 5459 ru
1442 5385 1601 5431 examine
1614 5367 1710 5457 quod
1729 5368 2143 5457 exstat-nautoltcctesia.

153 5495 185 5563 s)
207 5494 270 5548 vta.
286 5490 364 5562 eptu.
381 5489 409 5544 «t.
426 5487 605 5545 u.ud.tt.
625 5484 787 5544 tter-15⁵6.
867 5494 875 5513 ⁴
923 5472 941 5495 ·'
1005 5488 1008 5493 ·
1160 5486 1241 5536 rum
1261 5458 1305 5537 V.
1326 5463 1641 5640 complextksgspm.
1693 5462 1783 5538 lude
1804 5468 1891 5562 quid
1916 5475 2066 5550 seutiam
2088 5481 2154 5556 iu·.

123 5244 339 5255 -o-———.-—
