1483 1723
230 184 271 204 26⁸

232 231 293 245 notem
304 225 351 244 hanc
357 226 456 244 doctrinam
465 227 545 250 quotidie
552 227 572 245 in
580 228 650 246 ardenti
658 228 730 246 invoca-

233 252 406 271 tinneuereendam
413 257 456 270 esse.

283 290 319 309 Hie
325 296 366 308 cum
374 295 436 307 rursus
445 290 562 313 interrogaret
570 291 656 309 Ascanius
665 292 686 309 de
694 292 730 309 dis-

231 316 306 336 ttimine
314 315 444 335 Personarum,
461 322 493 333 eur
505 316 552 333 filins
560 314 614 341 λόγος
622 317 730 338 nominetur,

232 342 283 361 tertia
293 347 370 365 persona
382 341 464 363 spiritus,
480 341 557 363 graviter
565 342 680 364 ingemiscens
688 340 730 360 Lu-

232 366 295 386 iherus
306 366 399 389 deplorare
407 366 514 384 calamitates
522 366 611 385 Ecclesiae
619 368 686 390 coepit,
699 374 729 385 ve-

232 397 279 412 teres
289 391 417 410 controversias
431 392 522 414 repetivit,
535 395 552 409 et
560 396 649 410 execratus
657 396 682 410 est
690 393 729 410 dia-

232 418 302 437 buliens
311 417 381 435 furores
389 416 508 438 Samosateni,
521 416 561 435 Arii
572 421 590 435 et
600 418 684 435 similium
691 430 695 437 ,
708 424 729 435 ex

234 444 303 468 quihus
315 445 353 460 orta
366 445 393 459 est
404 442 469 459 deinde
479 441 589 465 blasphemia
601 442 728 465 Mahoinetiea3

235 468 303 487 deiude
312 471 329 486 et
337 467 427 491 querelam
434 467 504 485 addidit
511 468 533 485 de
541 468 648 491 negligentia
654 469 728 492 scripto-

235 500 276 513 rum
286 493 394 514 recentium,
409 492 429 509 in
441 499 517 516 quorum
529 494 680 516 disputationibus
688 500 729 511 vere

233 519 269 537 lane
279 518 353 539 accidit,
372 521 392 535 ut
407 518 458 541 plura
470 519 506 535 sint
517 517 602 543 πάρεργα
613 525 666 542 quam
677 519 728 543 ἔργα.

232 543 275 565 Est,
289 543 360 567 inquit,
375 543 422 560 filius
437 543 505 566 integra
520 544 577 566 imago
594 545 660 562 aeterni
674 545 729 567 patris

233 568 264 588 nni
271 567 397 593 ὗφισῐαμένη.
414 566 478 592 Λόγος
486 572 543 586 autem
552 569 618 587 dieitur
625 576 662 586 non
670 570 728 587 solum

233 595 275 619 quia
287 594 344 617 patris
356 599 393 611 sese
404 593 489 612 intuentis
500 595 605 616 cogitatione
618 595 687 617 genitus
698 598 729 616 est,

234 620 265 638 sed
275 620 329 638 aiam
340 618 383 642 qnia
394 624 425 641 per
436 625 476 637 eum
488 620 577 637 decretum
587 621 609 637 de
620 623 658 638 toto
665 620 729 638 ordine

233 645 328 663 creationis
338 648 356 662 et
368 644 486 662 restitutionis
498 643 572 662 humani
583 646 651 668 generis
663 646 728 663 dictum

232 674 268 689 est:
284 669 316 688 hie
321 673 347 688 est
354 669 427 692 angelus
435 670 494 692 magni
502 671 571 688 consilii
576 684 581 692 ‚
598 671 689 694 proferens
696 671 729 688 ad-

233 696 337 714 mirandum
344 698 361 712 et
369 700 453 712 areanum
462 695 550 713 decretum
558 696 580 713 de
587 694 665 713 humana
673 696 729 713 salute

236 727 259 739 ex
270 720 310 738 sinu
320 720 385 738 aeterni
397 720 462 743 patris,
478 724 530 738 sonat
537 727 597 738 vocem
605 720 697 743 Evangelii
706 721 728 738 ad

235 744 297 764 Adam
305 748 322 763 et
328 745 400 767 nevam,
413 749 471 763 servat
478 752 526 763 nunc
533 752 604 770 quoque
611 746 728 764 ministerium

233 770 338 794 Evangelii,
353 774 371 789 et
381 777 425 788 voce
431 770 525 793 Evangelii
536 772 579 789 dicit
591 772 728 789 consolationem

233 797 254 814 in
262 796 352 817 cordibus,
364 799 452 814 monstrat
458 800 530 819 patrem,
543 797 601 815 reddit
608 797 660 814 nohis
669 797 729 816 vitam,

233 825 252 840 et
263 822 294 840 dat
304 821 387 845 spiritum
399 825 490 843 sanctum,
508 822 539 845 qui
551 822 570 839 in
582 823 666 840 cordibus
677 822 729 839 laeti-

233 847 289 869 ciam,
304 847 436 865 invocat-ionem
447 850 464 865 et
472 847 516 865 alios
525 847 568 865 tales
577 851 636 866 motos
644 847 729 868 accendit,

233 873 292 896 qualis
307 872 346 895 ipse
359 875 394 894 est,
410 873 458 890 unde
471 876 488 890 et
501 872 578 895 Spiritus
590 873 685 896 appellatio
698 876 729 893 est,

234 898 276 922 quia
285 897 339 916 tertia
350 903 424 921 persona
436 898 462 915 sie
471 898 524 915 nohis
534 899 619 921 patefacta
630 902 665 919 est,
681 898 728 921 quod

234 923 305 941 divinos
317 926 377 941 motus
388 923 407 940 in
417 924 470 940 :orde
480 924 566 941 accendit.
594 923 615 941 ln
627 923 673 941 hane
681 929 729 941 com-

233 948 380 970 memorationem
397 948 486 971 ingressus
497 947 593 966 Lutlurus
609 949 665 966 multa
682 949 729 966 dicta

233 974 339 997 enarrabat,
350 972 386 997 τὴν
396 972 466 997 ἀρχὴν,
480 973 508 992 ὅτι
516 973 548 992 καὶ
557 975 606 992 λαλῶ
617 973 672 997 ὑμῖν,
686 977 703 991 et
710 974 728 991 in

234 999 331 1018 Salomone
336 999 357 1016 de
365 999 459 1022 sapientia:
474 999 500 1017 sni
509 1006 548 1017 eum
557 1005 577 1017 eo
582 999 654 1021 artifex,
666 1000 729 1016 ludens

236 1025 257 1042 in
270 1024 314 1042 orbe
326 1027 381 1042 terrae
397 1030 448 1045 suae,
468 1028 485 1042 et
497 1024 621 1043 delectationes
631 1030 678 1041 meae
689 1030 729 1041 cum

235 1049 279 1067 filiis
286 1048 384 1070 hominum.
405 1049 455 1072 Quid
463 1050 533 1068 dulcius
539 1053 570 1071 est¹
583 1050 642 1073 inquit
650 1048 683 1066 hae
689 1055 730 1066 sen-

236 1074 305 1093 tentia?
328 1074 355 1092 De
365 1075 402 1092 filio
414 1075 461 1092 enim
472 1075 547 1096 dicitur,
559 1076 578 1092 in
586 1081 622 1098 quo
629 1075 684 1097 fulget
691 1075 730 1092 idea

237 1100 303 1124 opificii
311 1100 383 1121 mundi,
399 1103 417 1118 et
428 1100 459 1123 qui
468 1107 487 1118 se
495 1101 576 1123 patefecit
584 1100 644 1123 generi
652 1099 730 1118 hnmano

237 1125 285 1144 edita
291 1131 342 1147 voce,
353 1125 400 1143 ludit
406 1125 493 1143 mirandis
499 1126 583 1149 operibus
590 1126 608 1143 in
618 1126 706 1143 creatione
713 1129 730 1143 et

235 1151 255 1173 in
268 1150 366 1173 colligenda
374 1149 459 1169 Ecclesia.
484 1151 542 1173 Quale
554 1151 601 1169 enim
611 1151 730 1174 spectaculum

235 1180 262 1195 ut
273 1175 351 1194 hominis
362 1176 454 1197 formatio,
470 1177 528 1199 qualia
540 1177 637 1199 spectacula
649 1179 691 1194 sunt
698 1176 731 1193 ad-

233 1201 313 1225 sumptio
320 1205 394 1219 naturae
401 1200 498 1223 humanae,
514 1202 596 1220 liberatio
605 1200 667 1219 Nohne
676 1201 696 1219 in
703 1201 731 1219 di-

233 1227 295 1249 luvio,
305 1227 370 1251 populi
375 1227 397 1244 in
404 1225 491 1250 Aegypto,
503 1227 643 1245 resuscitationes
650 1230 731 1244 mortuo-

234 1258 277 1270 rum
284 1256 303 1271 et
309 1252 344 1270 alia
352 1252 433 1270 miranda
440 1253 497 1270 facta?
523 1252 560 1271 lam
567 1252 601 1271 hoc
609 1252 731 1270 dulcissimum

236 1280 274 1299 est,
289 1277 337 1301 qnod
350 1277 386 1298 ait,
404 1283 422 1295 se
435 1276 528 1296 hominum
542 1277 669 1296 consuetudine
682 1277 731 1295 dele-

234 1302 288 1321 ctari-
305 1301 408 1323 ‘Nobiscum
419 1303 478 1325 adest,
494 1303 561 1326 colligit
573 1307 590 1321 et
600 1306 659 1321 servat
668 1302 731 1320 Eccle-

234 1327 280 1346 siam
288 1334 331 1346 voce
337 1326 438 1351 Evangelii.

287 1364 340 1383 Talia
356 1368 408 1383 erant
420 1368 523 1388 argumenta
535 1365 651 1383 familiarium
664 1371 731 1383 senno-

235 1396 289 1412 nmo,
302 1390 373 1414 quoties
384 1389 404 1408 hi
415 1391 450 1408 viri
460 1390 597 1412 conveniebant,
610 1392 732 1414 qnorum‘erat

236 1414 318 1434 Annus
328 1419 413 1440 tanquam
425 1414 556 1440 ἀγωνοθέτης,
575 1421 608 1433 nec
618 1419 656 1433 erat
666 1415 732 1440 κωφὸν

235 1439 345 1465 πρόςωπον,
361 1442 393 1459 sed
399 1447 452 1459 suum
460 1441 546 1459 iudicium
554 1441 622 1459 erudite
630 1441 652 1458 de
661 1444 732 1459 contro·

522 183 741 204 EPtSTOLARUM
767 185 823 205 12113.
835 185 877 205 ΧΠ.
904 185 970 205 1⁶⁶4.

1216 187 1254 206 254

756 229 785 252 pia
797 232 846 250 vota,
863 232 880 246 et
888 228 926 246 Deo
937 229 1002 251 gratias
1012 229 1074 252 agebat
1081 235 1121 247 cum
1130 236 1163 253 pro
1171 230 1211 248 aliis
1219 230 1251 248 he-

757 254 823 272 nefleiis
834 258 871 272 tum
882 254 934 271 etiam
946 260 979 277 pro
990 254 1023 272 hoc
1031 255 1099 277 ingenti
1105 261 1189 276 munere,
1202 256 1250 278 quod

756 280 835 302 depulsis
842 279 920 297 tenebris
928 279 1025 302 Papisticis,
1037 286 1082 303 quae
1090 284 1130 298 sunt
1139 279 1250 298 ethnicarum

756 305 831 326 similes,
846 305 925 322 reddidit
935 305 987 323 nobis
995 304 1089 328 Evangelii
1096 306 1159 324 lucem.
1185 304 1251 326 Ionas,

756 330 795 348 viro
807 330 877 348 erudito
888 330 906 347 in
920 330 1002 348 doctrina
1009 330 1098 348 Ecclesiae
1108 334 1125 349 et
1136 331 1155 348 in
1162 331 1209 352 iure,
1221 331 1250 348 di-

755 359 809 376 xerat,
822 356 879 373 videri
886 355 920 373 sibi
929 355 1053 380 ταυτολογίαν
1061 362 1098 373 esse
1105 356 1124 373 iu
1132 356 1186 374 latina
1193 357 1250 374 inter-

756 381 853 403 pretatione
861 381 985 398 inconcinnam
993 385 1010 399 et
1018 381 1111 399 obscuram
1120 382 1139 398 in
1147 382 1204 405 prima
1211 381 1250 405 epi-

755 406 799 423 stola
807 405 892 423 lobannis
899 406 918 423 in
926 407 982 429 capite
989 406 1014 424 δα
1027 410 1117 429 peccatum
1125 410 1150 425 est
1158 407 1250 430 iniquitas.

755 430 856 453 Respondit
864 431 924 452 lonas,
942 432 1043 454 interpretis
1051 432 1158 454 negligentia
1166 431 1250 449 eruditis-

754 456 816 473 simam
833 456 953 474 definitionem
970 457 1081 475 obscuratam
1093 463 1136 475 esse.
1165 457 1190 475 Ut
1202 457 1250 474 euim

755 481 862 504 privationes
875 481 985 499 deliniuntur
998 482 1103 503 collatione,
1119 486 1140 500 ut
1152 488 1192 500 eum
1205 482 1250 499 dici-

755 512 794 524 mus
802 507 883 524 tenebras
891 513 928 524 esse
936 507 1044 530 privationes
1052 507 1107 528 lucia,
1119 507 1143 525 ita
1151 506 1250 525 Iohannem

755 532 851 549 rectissime
866 532 948 553 definire,
968 535 1057 555 peceatum
1072 538 1108 550 esse
1123 533 1211 556 quidquid
1224 535 1250 550 est

755 557 864 575 eontrarium
872 557 912 579 legi,
924 556 936 580 ἡ
943 556 1025 581 ἁμαρτία
1033 556 1083 575 ἐστὶν
1091 556 1166 580 ἀνομία.
1182 557 1249 575 Nema

755 586 782 600 est
796 582 873 600 institiae
888 582 915 599 lex
926 583 968 604 Dei,
984 588 1028 606 qnae
1044 586 1069 599 est
1080 583 1167 605 sapientia
1178 583 1197 600 in
1209 582 1249 600 Deo

755 611 825 625 aeterna
836 611 854 625 et
865 608 947 627 immota,
964 608 1014 625 cuius
1025 607 1071 624 radii
1083 607 1167 625 transfusi
1177 611 1219 626 sunt
1230 607 1249 624 in

755 632 849 650 rationales
856 636 953 654 creaturas,
966 636 982 650 et
990 638 1035 656 quac
1043 632 1061 650 in
1070 633 1211 655 promulgatione
1219 633 1250 650 de-

755 658 811 680 calogi
822 658 895 681 repetita
906 661 937 675 est.
962 657 1056 675 Contraria
1067 657 1108 675 huic
1117 664 1190 675 normae
1197 661 1214 675 et
1222 663 1250 675 sa-

755 683 832 707 pientiae
848 689 889 700 suae
900 682 948 700 Deus
964 683 1037 701 damnat
1053 686 1070 701 et
1081 687 1150 706 peccata
1163 683 1250 704 nominat,

755 715 774 726 ac
782 712 873 731 propterea
881 709 962 726 sontibus
970 709 1052 726 irascitur
1058 712 1075 725 et
1082 714 1112 726 eos
1119 709 1199 727 destruit.
1222 707 1250 725 Ae

755 737 837 757 apparet,
857 732 954 751 Iohannem
969 737 1038 751 motum
1052 739 1089 751 esse
1101 734 1172 751 licentia
1181 739 1250 754 eorum,

755 759 786 783 qui
794 765 814 776 ex
822 759 905 781 gentihus
911 759 934 776 ad
942 758 1039 776 Ecclesiam
1047 759 1127 776 conversi
1134 762 1193 780 erant,
1208 758 1249 782 qui-

755 785 788 802 bus
795 784 903 802 ostendenda
910 784 944 801 suit
951 790 1021 805 norma,
1033 784 1081 801 unde
1088 784 1192 805 iudicarent,
1204 789 1249 807 quae

755 810 800 827 mala
812 809 848 827 sint
859 815 869 826 a
876 808 914 827 Deo
925 809 1016 830 damnata3
1033 809 1106 827 deducit
1118 809 1172 832 igitur
1182 814 1215 826 nos
1226 808 1249 826 ad

755 835 810 857 legem
815 847 821 856 ,
833 840 886 858 quam
895 837 941 852 reete
948 835 987 852 vult
994 834 1076 857 intelligi.
1101 834 1225 852 Delectabatur
1233 837 1250 851 et

755 860 881 881 similitudine,
898 866 950 883 quam
961 859 1046 878 recitabat
1058 859 1081 877 D.
1090 858 1213 877 Pomeranus:
1230 862 1251 876 ut

755 886 832 903 annulus
839 891 903 907 magno
910 885 1013 903 aestimatur
1022 889 1039 903 et
1047 888 1116 903 ematur
1122 888 1195 908 propter
1202 890 1251 907 gem-

755 917 811 931 mam,
824 911 944 932 adamantem,
957 914 988 928 aut
996 911 1116 933 smaragdum,
1129 916 1167 927 non
1179 913 1251 932 propter

755 942 828 957 aurum,
842 936 867 953 sic
877 936 953 956 dicitur,
968 936 1002 953 fide
1014 936 1105 953 iustificari
1116 934 1197 952 homines
1208 940 1250 957 pro-

755 965 794 984 pter
805 967 901 983 gemmam,
918 961 974 978 filium
982 959 1025 982 De13
1039 959 1085 978 hane
1094 964 1152 978 autem
1163 965 1250 982 gemmam

755 987 790 1004 sule
800 986 929 1008 amplectimur.

805 1010 851 1028 Cum
867 1009 965 1028 Inachimn
984 1008 1095 1027 Comei-orio
1115 1011 1212 1028 disserebat
1228 1011 1250 1028 de

755 1036 837 1054 omnium
847 1039 924 1054 aetatum
934 1034 1022 1057 historiis,
1037 1036 1060 1053 de
1068 1036 1183 1058 imperiorum
1192 1038 1250 1052 muta-

756 1062 834 1079 tionibus
846 1065 864 1079 et
874 1061 952 1085 periodis
963 1064 980 1078 et
991 1067 1051 1078 earum
1061 1061 1127 1082 causis,
1142 1061 1164 1077 de
1171 1060 1250 1078 motibus

756 1087 861 1105 coelestibus
872 1090 889 1104 et
900 1087 922 1104 de
931 1086 1008 1104 siderum
1016 1086 1114 1104 effectione.
1138 1085 1196 1103 Multa
1204 1088 1221 1102 et
1228 1085 1250 1102 de

757 1111 817 1136 phrasi
828 1113 847 1129 in
860 1112 911 1130 libris
920 1112 1021 1135 apostolicis
1032 1111 1158 1129 sciscitabatur.
1184 1109 1220 1131 Ac,
1230 1113 1251 1127 nt

756 1138 807 1155 aiunt
822 1137 915 1155 Platonem
930 1137 954 1155 sic
970 1143 1037 1154 amasse
1053 1134 1195 1161 γνωμολογικὸν
1207 1135 1251 1153 scri-

757 1167 813 1187 ptum,
826 1163 855 1180 cui
863 1163 925 1181 titulus
932 1162 974 1180 fuit:
987 1160 1078 1185 Sophron,
1090 1165 1110 1179 ut
1117 1162 1150 1179 sub
1159 1160 1251 1178 culcitram

757 1188 856 1209 collocarit,
870 1191 891 1205 nt
902 1188 921 1205 in
932 1188 977 1205 lecto
988 1187 1042 1205 etiam
1049 1187 1071 1204 ad
1080 1192 1154 1204 manum
1160 1189 1213 1203 esset:
1226 1186 1251 1203 sie

757 1212 844 1231 Ascanius
851 1213 921 1230 amabat
928 1212 1042 1230 Salomonem
1049 1215 1067 1230 et
1074 1212 1176 1233 Siracfflen,
1187 1214 1205 1228 et
1213 1216 1251 1228 m-

757 1245 779 1262 pe
786 1239 866 1259 dicebat,
878 1244 952 1261 ‘nomas
960 1243 996 1256 ene
1004 1237 1088 1255 eximium
1096 1235 1173 1261 ἐφόδιον
1181 1236 1200 1254 in
1208 1236 1251 1257 vita,

757 1268 775 1282 et
785 1264 838 1282 utiles
849 1264 1026 1281 commonefaetiones
1036 1263 1056 1280 in
1067 1263 1129 1280 multis
1137 1261 1251 1279 deliberatio-

757 1290 815 1307 nibus-
848 1289 896 1311 Quia
908 1295 951 1307 vero
962 1287 1060 1306 Siracida:
1072 1288 1123 1306 lectio
1135 1287 1200 1310 passim
1211 1292 1251 1304 eor-

757 1318 810 1338 rupta
826 1318 862 1336 est,
881 1314 916 1332 suit
931 1313 1012 1332 hortator
1028 1311 1134 1334 Iwchimo,
1153 1316 1174 1330 ut
1191 1312 1252 1330 ederet

757 1341 873 1358 emendatam.
898 1339 954 1363 Saepe
964 1343 981 1357 et
992 1340 1014 1357 de
1023 1338 1114 1356 sententiis
1123 1337 1204 1355 obscuris
1211 1343 1251 1354 cum

757 1372 778 1384 eo
786 1365 895 1389 disputabat,
908 1368 928 1382 ut
935 1370 975 1382 cum
983 1364 1002 1381 in
1009 1364 1065 1386 capite
1073 1363 1205 1386 quadragesimo
1213 1362 1251 1385 pri-

757 1397 786 1408 mo
800 1391 874 1408 dicitur:
894 1388 978 1414 φύλαξον
992 1388 1029 1407 ἀπὸ
1042 1389 1168 1412 anonumum?
1179 1386 1251 1410 λήψεως

757 1414 789 1434 καὶ
796 1414 870 1435 δόσεως.
883 1420 885 1422 ’
895 1415 1008 1438 Aenigmata,
1020 1414 1088 1438 inquit,
1099 1414 1144 1437 logo,
1155 1416 1173 1431 et
1180 1412 1251 1435 petebat

757 1441 893 1459 enarrationem.
911 1440 946 1458 Hit
955 1439 1056 1458 lonchimm
1062 1439 1088 1458 ait
1094 1439 1160 1457 factum
1167 1443 1204 1455 esse
1210 1443 1251 1455 ver-

235 1467 299 1485 versiis
311 1470 329 1485 et
340 1467 363 1485 de
374 1466 517 1485 enarrationibus
525 1467 611 1488 addebat,
624 1466 733 1485 miseehatet
758 1467 801 1484 hum
811 1466 835 1485 ab
844 1466 908 1489 adagio
918 1465 937 1486 λς
944 1463 1034 1490 κόρακας,
1045 1468 1063 1483 et
1073 1464 1143 1485 iubere,
1154 1463 1251 1481 tavmdam
