4776 6024
173 210 225 285 97
748 193 1183 275 nmerouaauu
1234 200 1339 280 cra.
1370 204 1455 285 xit.-
1508 204 1639 289 esse.
2170 220 2220 294 aa

178 390 269 450 tates
282 373 403 447 leniet.
454 370 511 444 De
531 370 604 443 tnis
623 383 658 441 et
679 371 732 440 de·
748 370 824 463 ipra
849 367 1045 459 Noriberga
1066 370 1171 440 valde
1224 368 1416 451 Nausea.

180 502 260 550 sum
273 476 446 548 solicitus.
497 472 639 544 scribes
659 472 769 561 igitur
791 470 930 565 quoties
954 466 1103 541 habebis
1118 484 1172 541 ta-
1229 467 1402 499 Μ
2045 486 2211 524 ων

179 579 358 650 bellarios.
419 574 525 644 llanc
547 574 728 666 epistolam
751 565 956 664 Lasano¹)
974 571 1076 652 dedi,
1109 594 1172 662 per
1202 582 1207 591 ’
1516 606 1519 613 ·
1557 576 1607 662 [L
1638 577 1911 667 Mordigino,

178 703 286 776 quem
309 677 446 747 scribes
466 697 593 764 genero
619 689 654 745 et
677 674 782 743 tiliae.
831 671 952 742 Hodie
976 672 1097 741 literas
1127 697 1169 742 en

177 781 271 853 nrbe
289 778 431 848 Vienna
451 798 571 846 recem
593 776 741 868 scriptas
762 774 821 844 die
836 773 925 843 Maii
940 787 1086 866 quarto,
1112 797 1169 842 ac-

182 881 356 973 teplmot·
411 876 514 948 ΝΜ
534 877 680 971 quidun
708 870 828 944 Tm?
846 875 1058 967 quifflssuntt
1096 872 1166 943 sod
1221 881 1436 981 Magnifica
1465 884 1634 958 Domino
1669 875 1910 961 Cancellario
1948 889 2210 968 Illustrissimi

1253 720 1256 725 ’
1308 728 1385 800 †Er
1403 730 1572 805 autographo
1591 729 1621 784 in
1640 732 1703 786 cod.
1722 728 1805 789 Gotb.
1822 734 1886 791 ets.
1904 735 1952 791 iol.
1971 736 2016 821 99.

182 977 350 1073 vieina²)
363 977 570 1069 gubernatio
590 980 676 1048 duas
685 1000 743 1047 res
757 974 1169 1064 centrariassimulagit,
1220 980 1407 1086 Principis
1430 985 1553 1059 Ducis
1576 986 1770 1060 Saxoniae
1797 988 2000 1079 Electoris,
2021 1004 2080 1066 etc.
2111 994 2207 1068 Viro

182 1076 390 1176 postulat'nt
405 1081 489 1149 dent
507 1079 691 1170 pecuniam
705 1090 741 1148 et
754 1078 879 1167 gerant
893 1075 1027 1145 bellum
1044 1090 1166 1144 contra
1185 1114 1189 1123 =
1220 1086 1365 1165 clariss,
1391 1087 1446 1164 D,
1472 1088 1514 1162 U
1522 1088 1640 1161 lma
1666 1087 1926 1182 Μονᾰίςίη,
1950 1091 2109 1166 Docton'
2137 1095 2206 1168 Iu.

183 1183 324 1254 Turcos
345 1178 527 1268 Hnngari,
559 1193 594 1250 et
614 1181 654 1249 in
675 1176 843 1251 Ecclesiis
868 1199 961 1271 quoe
981 1176 1167 1245 nobiscum
1220 1188 1296 1275 ris,
1329 1187 1531 1262 eruditione
1563 1199 1595 1260 et
1625 1191 1756 1263 virtute
1784 1196 2013 1290 praestanti,
2045 1206 2205 1296 patrono

182 1285 357 1365 sentiunt,
378 1280 595 1371 recipiantur
609 1293 745 1350 veteres
766 1271 1040 1370 ettotoparta.
1080 1275 1168 1345 lm·
1431 1336 1434 1340 .
1636 1289 1795 1365 wando,

183 1388 311 1477 pendet
321 1383 421 1461 finis,
448 1405 488 1449 ac
504 1378 622 1450 Deum
638 1402 720 1465 oro,
745 1395 787 1450 nt
807 1378 915 1448 nobis
934 1379 1036 1460 assit,
1063 1390 1098 1446 et
1114 1379 1168 1446 ai-

179 1487 336 1556 fntnrum
360 1505 434 1553 esse
455 1505 531 1552 uon
557 1482 695 1556 dubito.
744 1480 853 1551 Mitto
876 1479 979 1548 vobis
1003 1479 1167 1567 pagellas,

177 1600 211 1655 et
251 1586 399 1654 salutem
436 1596 523 1673 opto
563 1583 665 1653 vobis
696 1584 832 1654 omnib.
888 1579 980 1650 Nam
1015 1579 1167 1649 scribere

175 1687 308 1779 plurib.
322 1708 398 1752 non
416 1684 528 1777 potui.
578 1682 767 1754 Benevola
791 1679 951 1755 XXllll.
967 1678 1069 1748 Maii.

1221 1422 1270 1512 S·
1296 1436 1342 1509 D.
1393 1438 1583 1531 Magnifice
1606 1438 1641 1515 d.
1659 1438 1895 1529 Cancellarie,
1921 1458 1957 1515 et
1976 1458 2123 1537 patrone
2144 1471 2206 1519 co·

1219 1542 1335 1610 leude.
1392 1537 1494 1611 Hanc
1519 1541 1702 1634 epistolam
1728 1545 1811 1614 dedi
1833 1536 2015 1615 Plateam
2048 1547 2106 1616 die
2140 1548 2203 1625 29.

1219 1639 1329 1724 Maii,
1354 1666 1424 1734 quo
1440 1657 1521 1712 ante
1535 1667 1648 1713 annos
1664 1657 1805 1715 centum
1823 1659 1920 1738 capta
1936 1660 1988 1717 est
2000 1644 2204 1719 Constanti·

1219 1742 1361 1833 napolis
1374 1756 1408 1811 et
1421 1744 1581 1813 funditus
1597 1745 1753 1816 deletum
1769 1730 1962 1836 lmperidm
1972 1746 2203 1821 Graecorum.

915 1822 1115 1920 Philippus·
1218 1840 1323 1912 Nunc
1346 1843 1420 1912 ruit
1443 1858 1478 1914 et
1499 1840 1763 1915 Germanicum.
1814 1846 1884 1918 Sed
1908 1864 2089 1920 teneamus
2111 1844 2203 1924 hane

1220 1944 1515 2029 consolationem,
1530 1943 1718 2020 liliumDei
1734 1962 1955 2018 servaturum
1973 1972 2046 2018 csse
2064 1950 2200 2043 aliquas

1220 2067 1303 2113 serae
1327 2041 1502 2114 Ecclesiae
1531 2045 1699 2140 reliquias
1720 2047 1826 2117 etiam
1849 2050 1942 2119 inter
1965 2048 2202 2141 Imperiosum
2252 2122 2255 2129 ,

175 2198 209 2270 N
262 2196 361 2268 ⁶397
999 2205 1044 2268 29
1078 2194 1155 2257 M
1219 2146 1351 2218 ruinas.
1404 2144 1544 2234 Quaeso
1569 2162 1607 2218 ut
1631 2141 1810 2218 Plateani
1831 2150 2062 2221 calamitatem
2084 2153 2203 2220 consi-

184 2224 375 2324 μ’
987 2242 1165 2318 ..ζμ-μ’
1220 2247 1365 2331 deretis3
1408 2260 1443 2317 et
1475 2273 1580 2341 quam
1611 2263 1766 2327 astutum
1800 2245 1929 2323 habeat
1961 2255 2201 2327 adversarium

645 2395 654 2414 .
841 2394 849 2415 .
1256 2374 1266 2414 ι
1316 2401 1325 2419 .

457 2392 523 2477 Μ·
553 2392 889 2502 Melemrgw’
1219 2370 1253 2416 ⁸⁶
1271 2361 1372 2518 1¹⁸De
1403 2442 1600 2539 theologico
1634 2464 1813 2520 conventu
1852 2450 1938 2544 quid
1978 2456 2202 2544 responderit

280 2546 367 2620 aptae.
385 2546 433 2606 tta.
447 2549 479 2603 ν.
496 2547 590 2620 poet
608 2567 649 2616 sq.
1217 2542 1489 2642 landgravius
1521 2551 1611 2620 scire
1650 2552 1773 2641 cupio,
1811 2553 1877 2621 etsi
1908 2574 2031 2643 spero,
2063 2555 2199 2645 placere

174 2699 234 2774 M
239 2696 312 2774 ich
322 2702 426 2777 Μ’.
458 2700 816 2797 M⁶ienburffi⁰’
859 2694 1022 2777 cmm
1048 2703 1167 2782 Nm*
1220 2650 1901 2822 ΡΠῃεὲἑξξῖτιῗξεὲὃεζωεῖζέ11111811ιῶ0
1928 2749 1998 2819 iam
2021 2764 2102 2820 ante
2128 2766 2199 2824 tres

595 2798 754 2874 Imm
1218 2853 1430 2943 septimanas
1454 2868 1557 2923 natus
1579 2866 1632 2924 est
1646 2848 1796 2948 lilius²).
1856 2850 1954 2922 Bene
1987 2866 2023 2923 ct
2049 2853 2199 2925 feliciter

174 2932 224 3026 S·
251 2953 293 3026 D.
343 2949 601 3041 Honestissima
626 2951 702 3035 vir,
735 2965 770 3022 et
805 2951 917 3020 amice
950 2946 1163 3026 charissime.
1216 2954 1340 3026 valete.
1366 2956 1423 3024 die
1437 2957 1497 3029 29.
1512 2954 1614 3025 Maii.

177 3055 247 3125 Dei
261 3053 540 3123 beneficiolilius
557 3065 648 3120 recte
667 3051 959 3135 valet,etdiscit.
1008 3050 1059 3124 Et
1070 3048 1164 3125 Aca·
1721 3067 1910 3166 Philippus
1926 3067 2149 3144 Melanthon.
2222 3112 2224 3117 .

174 3157 309 3226 demiae
323 3154 521 3248 frequentia
536 3151 724 3221 mediocris
736 3165 797 3222 est.
852 3148 930 3222 Oro
951 3153 1062 3222 filium
1084 3151 1164 3234 Dei,

174 3273 214 3329 ut
236 3272 269 3329 et
288 3259 464 3347 gubernet
494 3255 629 3337 studia,
664 3266 697 3322 et
720 3253 856 3322 tribnat
878 3249 934 3323 his
960 3253 1163 3340 regionibns
1229 3300 1694 3323 m.

174 3381 306 3450 pacem.
356 3357 459 3427 llanc
476 3355 662 3447 epistolam
677 3355 793 3424 scribo
810 3354 868 3422 die
883 3353 945 3425 29.
961 3352 1069 3437 Maii,
1090 3380 1161 3448 quo
1235 3358 1239 3364 ’

175 3474 258 3528 ante
275 3481 387 3526 annos
403 3470 546 3527 centum
571 3469 669 3547 capta
686 3468 736 3523 est
751 3453 1101 3546 Constantinopolis,
1129 3470 1162 3526 et
1222 3453 1433 3589 Q
2041 3459 2200 3576 ²Q

178 2048 422 2069 -n———t-unfi

179 3581 323 3647 prorsus
338 3559 489 3627 deletum
507 3568 559 3625 est
577 3555 769 3647 lmperium
788 3552 1017 3626 Graecorum.
1068 3555 1160 3625 Cum
1571 3614 1574 3623 .

181 3658 292 3747 igitur
304 3656 448 3726 diesne
463 3661 668 3727 admoneret
681 3657 725 3724 de
744 3653 885 3724 Tuccici
899 3653 1016 3745 Regni
1042 3655 1161 3727 incre·
1530 3649 1596 3738 Io,
1617 3650 1880 3736 Draconiti.

116 3796 122 3805 ·
181 3757 326 3841 mentis,
350 3756 480 3827 maiore
494 3782 572 3827 cnm
592 3757 715 3825 dolore
731 3755 861 3826 scelera
876 3757 1066 3827 detestatus
1082 3780 1160 3827 snm
1312 3807 1393 3878 Η,
1408 3825 1502 3881 ,Μὴ
1519 3806 1547 3863 ἰῃ
1560 3805 1613 3863 cot
1637 3806 1721 3863 Μ..
1736 3805 1815 3862 M,
1830 3805 1896 3858 5⁴⁸.

180 3882 320 3942 eorum,
344 3858 406 3950 qni
425 3859 497 3928 iam
514 3859 669 3928 lacerant
684 3853 861 3946 Patriam,
887 3870 923 3926 et
945 3855 1083 3927 ancos
1105 3872 1161 3928 at·
1615 3848 1623 3865 ⁸

178 3955 336 4031 trahunt.
385 3956 455 4030 Sed
469 3972 649 4029 teneamus
661 3953 754 4027 bone
777 3957 1074 4044 consolationem,
1099 3958 1157 4028 Fi·
1210 3961 1535 4051 Reverendoairo,
1561 3960 1762 4034 eruditione
1784 3970 1816 4032 et
1840 3959 1969 4030 virtute
1987 3964 2199 4058 praestanti

179 4060 270 4129 lium
284 4057 349 4128 Dei
368 4060 537 4154 reliquias
549 4057 727 4129 Ecclesiae
749 4059 844 4128 inter
863 4054 927 4127 has
949 4059 1071 4129 ruinas
1087 4057 1161 4132 Re·
1212 4064 1267 4138 D.
1300 4066 1327 4138 I
1332 4066 1477 4138 oanni
1507 4062 1824 4145 Draconitae,
1864 4055 2005 4131 doctori
2033 4055 2196 4134 Theolo-

174 4184 330 4253 gnomm
355 4175 574 4231 tervoturum
597 4181 680 4235 eote·
739 4156 821 4229 Meo
850 4160 976 4230 mistro
1003 4161 1159 4231 confiunt
1211 4169 1315 4262 piae,
1341 4166 1471 4239 rectori
1492 4165 1652 4262 inclytae
1669 4157 1888 4234 Academiae
1905 4158 2195 4248 Rustocltianae‚

173 4261 337 4357 qnotidie
359 4260 512 4334 luctatur
534 4285 614 4331 cum
634 4273 758 4331 morte.
810 4258 880 4331 Sed
903 4285 1003 4330 mens
1024 4261 1161 4351 integra
1445 4267 1646 4338 amicosne
1664 4264 1816 4335 veteriet
1834 4261 1962 4336 caries.

172 4376 208 4435 et
222 4363 419 4456 tranquilla
435 4377 496 4433 est.
544 4360 811 4432 Commiseratio
828 4356 915 4431 mihi
932 4385 1079 4452 magnos
1097 4365 1162 4431 do-

172 4464 267 4535 lores
280 4466 406 4538 adfert.
456 4463 527 4536 Sed
545 4461 621 4532 Deo
637 4483 702 4530 nos
718 4464 1014 4536 commendemus.
1062 4461 1161 4533 Bene

177 4576 214 4634 et
225 4565 378 4636 ›ieliciter
395 4566 519 4637 valete.
570 4563 637 4634 Die
653 4561 715 4635 29.
733 4556 834 4634 Maii.

1214 4403 1261 4493 S.
1282 4414 1329 4488 D.
1379 4412 1589 4487 Reverendo
1611 4415 1723 4485 viret
1746 4414 1928 4504 magnifice
1947 4411 2101 4484 Domine
2123 4413 2196 4488 Ra-

1214 4533 1301 4593 ctor.
1352 4512 1547 4610 Aliquanto
1565 4516 1684 4588 minus
1698 4516 1866 4587 deformis
1878 4528 1928 4584 est
1942 4510 2118 4602 Ecclesia,
2132 4517 2197 4585 do-

966 4694 975 4713 ,
994 4694 1002 4713 ‚
1213 4645 1278 4690 nec
1292 4621 1332 4690 in
1347 4615 1549 4689 Academiis
1563 4611 1690 4689 harum
1713 4619 1899 4709 regionum
1922 4629 1955 4685 et
1978 4641 2044 4685 vox
2065 4617 2199 4688 doctri-

908 4689 1110 4787 Ph¹¹¹PP¹¹⁸·
1213 4747 1280 4793 nae
1301 4733 1403 4792 sonat
1422 4722 1561 4799 eadem,
1587 4735 1620 4791 et
1643 4734 1766 4790 mutua
1790 4732 1841 4788 est
1862 4715 2064 4787 docentium
2090 4720 2198 4789 bene-

182 4860 402 4882 ···--·-·-
1213 4823 1381 4896 volentia.
1439 4818 1542 4893 Hanc
1571 4821 1857 4892 coniunctionem
1887 4828 2043 4889 nostram
2065 4819 2139 4891 scio
2163 4833 2197 4888 te

210 4990 240 5055 t)
257 4988 466 5047 bartholomeo
480 4991 601 5053 hune.
618 4990 742 5065 cygnea·
1216 4999 1443 5014 ............

208 5074 239 5141 ²)
259 5075 412 5147 Ᾰωήῦθῑι
426 5076 459 5131 c·
473 5074 533 5132 W·
1092 5097 1099 5113 ·
1251 5085 1278 5148 1)
1296 5083 1456 5138 Conventus
1467 5079 1669 5145 'lbeoloqornm
1685 5070 1825 5153 Estordipe
1842 5071 1868 5127 d.
1884 5072 1910 5127 9.
1926 5068 1986 5129 lun.
2006 5072 2144 5155 bebendua
2163 5072 2197 5126 de

1281 5141 1747 5284 :gssgogfssfflssllffiamxd'
1759 5151 1837 5215 epist.
1851 5160 1882 5195 ea
1895 5142 1929 5197 de
1941 5158 1972 5195 rr
1982 5149 2092 5208 serapte,
2113 5157 2197 5213 quarn

1249 5312 1280 5378 2)
1298 5311 1426 5365 eilbertus
1440 5308 1611 5375 ratumena.
1629 5318 1706 5365 natas
1720 5325 1795 5366 anne
1810 5307 1886 5366 asta.

225 5396 403 5464 Mnester.
424 5402 527 5466 Oen.
554 5400 638 5464 Vos..
652 5393 745 5463 Vlll.
1428 5383 1454 5453 7
