4776 6024
100 334 196 409 265²-

100 507 186 600 pola
205 502 479 576 Francolordiae
499 504 570 575 filio
595 507 663 576 roei
685 505 813 576 sratris.
866 502 955 571 Nam
975 496 1092 571 Geor-

98 607 188 702 gius
201 609 310 676 frater
326 606 363 672 in
386 605 599 694 praefectura
615 619 770 678 retentus
783 617 835 674 est
849 619 991 695 proptor
1006 630 1089 673 con-

101 725 246 779 centum
267 700 593 793 Bruchselensern,
630 712 666 778 in
691 733 760 798 quo
784 721 954 775 mercatus
977 704 1089 774 Fran-

99 809 296 882 col'ordiani
328 822 485 897 ternpore
518 811 589 877 drrn
624 808 802 879 Electores
828 800 1029 875 Palatinus
1056 819 1088 875 et

99 906 356 1005 Moguntinus
377 927 409 978 ct
426 907 507 978 Dur
531 906 854 1002 Witrtebergensis
876 912 918 975 do
939 908 1087 977 viciniae

102 1038 184 1107 pace
215 1009 382 1081 collocuti
407 1026 504 1083 suot.
570 1012 784 1104 Scripseram
807 1014 852 1079 ad
871 1005 1085 1081 Nicolaum.

100 1114 170 1189 Sed
190 1115 220 1182 is
233 1112 525 1183 Francosordiam
552 1139 625 1182 non
643 1114 755 1192 venit,
783 1112 937 1181 claudio
955 1137 1031 1178 eum
1049 1111 1085 1176 in

100 1214 258 1286 Galliam
280 1216 408 1285 ducere
431 1216 600 1307 quosdam
622 1238 702 1283 suos
727 1214 905 1282 auditores
928 1212 1084 1281 Nobiles.

100 1315 206 1388 Unus
228 1317 272 1383 ad
294 1340 347 1382 me
373 1317 416 1384 de
443 1316 554 1405 patria
577 1331 611 1386 et
627 1315 837 1385 Academiae
857 1315 982 1383 studiis
999 1313 1086 1381 scri-

101 1418 175 1510 psit
201 1409 471 1500 MorshcnriuS,
510 1419 670 1508 deplorat
696 1418 857 1487 usitatam
886 1409 1085 1512 ὀλιγωρίαν

102 1518 365 1587 constituendae
392 1513 544 1591 scholae.
605 1518 776 1589 Fortassis
803 1530 837 1585 ct
860 1517 950 1585 bella
976 1518 1085 1605 impe-

101 1621 204 1689 diunt
226 1614 288 1688 has
302 1620 584 1691 deliberationes.
637 1617 740 1688 Nunc
756 1619 862 1687 simul
878 1618 1085 1686 obsidentur

100 1721 137 1788 in
152 1719 302 1790 Francia
313 1711 575 1813 Plossenburg,
596 1719 844 1809 conserua.
872 1732 904 1785 ot
920 1718 1085 1789 &urim

100 1821 184 1912 fotb
198 1817 241 1916 ');
266 1834 302 1889 et
314 1845 514 1915 quanquam
526 1814 908 1889 tlIorchioIolsanncs
925 1817 1085 1886 inFran-

74 1925 185 1993 'ciam
209 1925 255 1992 ad
280 1917 346 1991 lros
368 1924 537 1993 tumultus
553 1924 725 1992 sedandos
745 1925 919 2014 proiectus
937 1933 1005 2000 est,
1031 1933 1084 1987 ta-

100 2049 180 2092 men
202 2049 292 2118 quae
314 2047 393 2114 spes
416 2024 461 2094 sit
486 2027 597 2114 pacis,
631 2027 789 2093 nondum
809 2022 925 2093 audio.
977 2017 1084 2090 Com-

100 2128 305 2195 mendemus
323 2140 438 2194 autem
455 2124 547 2195 Filio
566 2127 630 2196 Dei
648 2151 713 2194 nos
730 2141 762 2194 et
777 2123 979 2193 Ecclesiam.
1012 2118 1082 2205 Qui
1139 2181 1145 2194 ,

98 2227 168 2296 sint
184 2227 318 2318 positus
336 2225 501 2296 Siderum
521 2222 586 2294 hnc
604 2251 717 2308 anuo,
747 2251 817 2293 uon
836 2226 988 2313 ignoras.
1038 2219 1084 2287 Et

99 2322 361 2418 εἶδωλομανίαι
376 2342 408 2398 et
425 2329 493 2397 alia
510 2329 638 2397 scelera
658 2324 841 2397 attrahunt
859 2347 997 2414 poenas.
1039 2319 1085 2389 Et

102 2441 260 2496 extrema
283 2444 436 2499 senectus
459 2431 583 2499 mundi
610 2445 671 2501 est.
722 2426 817 2495 llaec
834 2426 951 2494 onmia
971 2422 1083 2510 cogito
1173 2481 1181 2496 ‚

104 2553 180 2597 non
202 2528 279 2597 siue
302 2553 422 2621 magno
437 2533 572 2603 dolore.
623 2529 694 2601 Sed
713 2530 877 2616 confugio
891 2528 935 2593 ad
952 2523 1083 2594 Filium

97 2625 189 2711 Dei,
212 2628 404 2701 Dominum
426 2647 586 2702 nostrum
610 2631 720 2699 lesum
737 2626 929 2699 Christum.
979 2625 1084 2712 Pagi-

99 2753 161 2798 nas
183 2755 261 2800 meo
283 2756 380 2802 more
403 2735 522 2817 mitto,
557 2757 642 2825 quas
660 2732 825 2800 distribui
843 2730 935 2797 volo.
986 2725 1083 2794 Bene

98 2831 183 2902 vale.
236 2829 303 2901 Die
318 2835 427 2903 natali
442 2833 594 2905 Socratis
610 2831 640 2924 ²)
661 2859 754 2901 anno
771 2859 788 2900 a
806 2831 914 2900 natali
931 2827 1084 2897 Socratis

99 2931 206 3005 1891.
267 2930 478 3005 Reverendo
501 2938 594 3020 viro,
629 2934 673 3008 D.
695 2934 738 3002 D.
764 2928 850 3007 Iole.
875 2925 1085 3025 Aurisobro
1143 2981 1156 3007 ,

98 3035 256 3105 salutem.

833 3130 1032 3222 Philippus.
1095 3170 1097 3175 ν

962 3547 993 3608 8.
1006 3538 1083 3620 Apr.

955 3631 1074 3655 M

57 3592 60 3597 ·
96 3543 162 3616 No.
178 3539 291 3616 5580.

105 3637 276 3666 Μ

273 3741 501 3826 Ioucbimo
533 3737 610 3824 Pr.
639 3736 912 3823 Anholtiuo.

173 3919 249 3985 Edita
262 3921 288 3975 io
301 3917 450 3977 Recmanoi
463 3918 524 3972 hist.
541 3917 616 3971 dnh.
634 3935 660 3986 p.
677 3914 736 3969 124.

252 4092 279 4166 I
283 4091 509 4177 oachimo,
533 4091 696 4192 principi
708 4084 930 4162 Anholtino.

94 4241 338 4322 illustrissime
354 4249 533 4339 Princeps.
572 4246 678 4314 Mitto
695 4243 735 4315 C.
746 4243 789 4314 V.
802 4235 1035 4331 Epitaphium
1047 4232 1082 4330 ⁴⁵)

94 4355 156 4424 tali
172 4354 286 4423 forma
304 4352 486 4441 scripturn,
513 4348 601 4416 utin
620 4371 762 4415 aeneam
779 4344 933 4413 tabulam
950 4341 1082 4407 inscul-

94 4457 127 4546 pi
153 4456 280 4546 possit,
310 4477 400 4545 quae
422 4455 464 4518 ad
491 4450 657 4540 parietem
683 4445 864 4533 adfigenda
883 4443 960 4512 erit.
1013 4439 1082 4510 Sed

92 4556 184 4629 (LV.
200 4570 235 4626 et
252 4555 576 4624 illustrissimorum
590 4551 738 4618 fratrum
758 4545 890 4615 iudicio
905 4540 1084 4633 permitto,

91 4682 139 4725 an
165 4653 258 4727 hanc
279 4659 429 4725 formam
454 4652 638 4745 probaturi
654 4649 748 4733 sitis,
775 4662 835 4716 aut
853 4645 987 4737 aliquid
1005 4668 1082 4713 mu-

92 4758 162 4831 tari
180 4758 314 4929 pi&
370 4754 567 4826 Honestum
594 4766 663 4834 est,
696 4764 730 4821 et
750 4764 800 4820 est
823 4746 970 4837 posteris
988 4750 1083 4813 com-

91 4852 176 4930 mo‘ri
216 4861 307 4930 actio
322 4862 365 4930 ad
383 4859 567 4940 virtutem,
595 4854 677 4923 talia
695 4865 923 4921 monumenta
943 4848 980 4917 in
998 4846 1083 4917 locis

93 4961 243 5055 publicis
264 4956 408 5055 ponere.
473 4948 559 5027 ldeo
581 4982 663 5041 oro,
696 4968 736 5024 ut
760 4946 824 5021 hos
849 4963 986 5022 sumtus
1009 4972 1083 5017 non

97 5130 316 5161 ...m-ff...

128 5215 153 5282 l)
174 5210 221 5267 Cf.
232 5158 361 5267 8160116.
381 5231 408 5283 p.
422 5209 485 5264 813.
504 5216 539 5263 et.
549 5227 574 5270 p.
589 5206 649 5263 818.

127 5315 153 5382 2)
170 5313 329 5369 Secundum
347 5311 459 5367 calend.
474 5307 555 5363 Eberi
573 5316 651 5361 natus
666 5314 705 5359 est
718 5303 824 5357 Socrat.
840 5296 866 5350 d.
879 5298 905 5352 6.
921 5296 1005 5368 April.

24 5460 29 5468 .
126 5419 153 5485 θ)
181 5415 272 5538 ὓΞυἊεὶι
296 5415 409 5486 Georgii
437 5412 509 5465 Aula.
564 5406 678 5476 Legitur
703 5405 733 5458 in
757 5401 923 5474 Epignmus.
947 5396 1080 5455 Melsotln

159 5503 187 5557 γ,
253 5520 262 5538 .
575 5516 577 5521 .
608 5492 648 5523 ¹¹1
711 5516 715 5523 .

666 329 1095 407 EPISTOLARUM
1144 331 1249 409 LlB.
1284 335 1376 412 ΧΗ.
1432 340 1563 418 1554.

2057 348 2132 420 266

1142 482 1340 673 qefoqiatis.
1391 507 1489 579 Beue
1513 525 1545 581 et
1566 512 1713 582 feliciter
1731 515 1843 584 valeat
1859 512 1898 586 C.
1918 513 1958 587 V.
2009 512 2076 581 Die
2094 513 2128 582 8.

1177 628 1229 694 prr
1249 629 1289 680 rs.

1819 839 2130 851 u--m-—n--m-

1150 972 1214 1043 Nn.
1233 971 1346 1048 5581.
1409 973 1411 977 ⁴

1148 1070 1357 1108 Μ

1961 981 2009 1077 (a.
2029 984 2124 1075 ates.)

1960 1079 2126 1105 m

1489 1179 1535 1266 C.
1563 1181 1778 1270 ‹Peuceru

1206 1348 1289 1419 Epist.
1307 1352 1353 1408 lib.
1371 1356 1405 1408 ll.
1424 1376 1449 1428 p.
1464 1357 1524 1411 402.
1546 1359 1601 1423 (ed.
1617 1358 1705 1414 Lond.
1724 1360 1818 1417 lib.ll.
1837 1362 1973 1431 epus).

1137 1512 1364 1594 Clarissimo
1379 1527 1474 1605 uiro,
1500 1526 1701 1599 eruditione
1716 1541 1748 1598 ct
1765 1532 1893 1599 virtute
1905 1528 2126 1627 praestanti,

1135 1616 1189 1691 D.
1224 1617 1439 1722 Casparo
1472 1622 1741 1727 Peucero*),
1769 1628 1861 1724 filio
1887 1654 1954 1701 suo
1981 1627 2125 1701 choris·

1577 1756 1683 1816 semo,

1136 1861 1183 1950 S.
1220 1872 1265 1947 D.
1323 1874 1537 1947 Charissime
1558 1882 1627 1964 fili,
1662 1883 1727 1951 Dei
1751 1883 1920 1949 beneficio
1944 1883 2068 1950 vivunt
2089 1896 2124 1951 et

1136 1989 1228 2044 recte
1247 1978 1363 2046 valent
1378 1980 1465 2062 lilia,
1494 1981 1584 2049 tilius
1601 1997 1634 2051 et
1650 1997 1771 2052 mater.
1805 1981 1880 2050 llos
1896 2006 1975 2050 cum
1991 1983 2122 2073 aspicio

1136 2077 1290 2163 rogitans
1314 2082 1356 2147 de
1384 2080 1587 2150 infrunitate
1611 2083 1750 2170 generis
1774 2077 1938 2165 humani,
1980 2104 2123 2172 prorsus

1138 2193 1183 2245 rta
1206 2191 1337 2271 statuo,
1371 2185 1550 2248 custodem
1576 2206 1649 2251 esse
1674 2183 1812 2271 generis
1831 2179 1975 2251 lsuruani
2000 2183 2122 2255 Deum.

1137 2279 1259 2369 Neque
1283 2281 1376 2347 enim
1402 2296 1548 2352 naturae
1572 2285 1708 2353 viribus
1724 2286 1761 2352 in
1779 2281 1843 2353 hac
1860 2297 1955 2351 tanta
1973 2283 2123 2351 infirmi-

1137 2393 1207 2448 tate
1229 2382 1360 2448 servari
1383 2406 1578 2470 possumus.
1639 2384 1801 2453 Petamus
1824 2385 1931 2474 igitur
1954 2397 1988 2453 et
2006 2397 2124 2471 prote-

1137 2497 1289 2549 ctronrm
1316 2495 1351 2551 ct
1373 2485 1541 2551 auxilinm
1565 2485 1697 2568 aDeo,
1732 2512 1811 2555 cum
1831 2486 1973 2577 quidem
1992 2483 2123 2551 dixerit

1135 2579 1250 2649 Filius
1270 2582 1357 2649 Dei:
1396 2575 1534 2653 Omnes
1559 2583 1692 2681 capilli
1710 2583 1843 2680 capitis
1865 2579 1974 2652 vestri
1996 2605 2122 2651 nurne-
2164 2622 2168 2627 ·

1136 2680 1212 2748 ruti
1234 2691 1331 2752 sunt.
1383 2680 1429 2751 Et
1451 2688 1617 2773 scriptum
1646 2688 1707 2756 sit:
1743 2684 1853 2755 lacta
1874 2708 1999 2756 curum
2018 2691 2123 2751 tuom

1135 2781 1174 2850 in
1193 2777 1336 2867 Deum,
1371 2791 1402 2851 et
1425 2783 1500 2880 ipse
1515 2794 1547 2852 te
1563 2787 1725 2863 enutriet.
1777 2786 1873 2857 Haec
1888 2785 2012 2876 scripsi
2029 2785 2123 2854 intcr

1135 2907 1242 2951 cunas
1259 2898 1292 2951 et
1314 2886 1451 2973 vagitus
1477 2886 1672 2972 intantum,
1704 2912 1792 2982 quos
1809 2888 1904 2958 Deus
1925 2900 2049 2960 servet.
2083 2884 2123 2955 tr

1134 2989 1238 3078 αυτῷ
1253 2980 1328 3082 yolo
1344 2979 1484 3078 ζῶμεν,
1509 2981 1741 3082 κινούμεθα,
1764 2984 1826 3061 καὶ
1842 2983 1964 3081 ἐσμέν.

1843 3206 2127 3225 ...ιαμ-’Μ

1138 3352 1348 3481 &Q
1977 3360 2122 3439 tuden

1980 3448 2118 3478 *m

1450 3551 1620 3669 Wolfp.
1651 3552 1803 3638 Fusio.

1203 3729 1290 3802 Epist.
1307 3730 1351 3786 lib.
1368 3730 1401 3786 ll.
1419 3749 1447 3803 p.
1461 3731 1520 3786 576.
1539 3730 1592 3798 (ed.
1608 3728 1698 3784 [ond.
1713 3727 1762 3783 lib.
1778 3730 1813 3783 ll.
1833 3746 1877 3800 ep.
1889 3731 1970 3783 60⁰2.

1344 3900 1400 3973 D.
1433 3900 1737 4003 Wolsgongo
1770 3897 1915 3971 Fusio

1134 4039 1185 4126 S·
1213 4052 1258 4125 D.
1322 4051 1417 4124 Ante
1442 4079 1555 4124 annos
1581 4053 1838 4145 quinquaginta
1866 4048 2006 4140 scripsit
2026 4045 2121 4119 Her-

1134 4178 1296 4225 monnus
1312 4150 1519 4240 Buschius,
1552 4157 1651 4224 cuius
1670 4177 1757 4220 vena
1769 4149 1799 4245 ¹)
1816 4167 1848 4221 et
1866 4152 1978 4221 virtus
1995 4152 2122 4221 eximia

1132 4257 1221 4338 snit,
1262 4258 1500 4328 laculationem
1526 4256 1677 4348 inclytae
1698 4255 1798 4322 urbis
1819 4246 1977 4348 Lipsiae
1999 4269 2121 4323 contra

1133 4350 1392 4455 Philomusupr
1410 4354 1454 4452 ²).
1518 4355 1558 4425 ld
1593 4349 1756 4424 Boschti
1782 4379 1922 4424 carmen
1952 4365 1992 4421 ut
2017 4354 2122 4423 nobis

1133 4478 1256 4528 rursus
1273 4461 1448 4527 edendum
1463 4461 1600 4541 mittas,
1628 4459 1729 4526 valde
1746 4471 1779 4525 tc
1794 4480 1869 4526 oro.
1905 4453 2008 4524 Talia
2025 4453 2121 4523 enim

1133 4573 1362 4627 monumenta
1397 4563 1440 4629 ad
1477 4573 1635 4647 posteros
1670 4558 1860 4628 transmitti
1888 4569 1993 4646 opto,
2030 4576 2120 4646 quae

1133 4659 1268 4729 etiamsi
1296 4661 1333 4726 in
1358 4656 1422 4727 hac
1448 4662 1573 4729 misera
1596 4674 1731 4729 senecta
1755 4658 1879 4724 mundi
1900 4681 1971 4722 non
1989 4655 2121 4722 multos

1133 4763 1175 4830 ad
1195 4763 1358 4831 virtutem
1377 4763 1585 4830 exuscitant:
1614 4775 1731 4829 tamen
1748 4773 1780 4826 et
1798 4754 1861 4824 lroc
1881 4770 2037 4841 tempore
2054 4759 2121 4822 bn-

1134 4864 1190 4932 nis
1214 4864 1352 4933 dolores
1377 4863 1532 4945 leniunt,
1566 4876 1599 4930 et
1624 4874 1721 4949 grata
1747 4859 1813 4927 crit
1838 4857 1939 4925 lectio
1962 4859 2121 4947 posteris,

1134 5055 1355 5069 --—-

1165 5156 1199 5225 ¹⁸¹)
1216 5156 1362 5211 Proiectus
1382 5157 1471 5209 fuerat
1486 5157 1622 5209 Peucerus
1635 5152 1798 5207 Nortlsusam
1820 5154 1852 5208 ad
1871 5174 1953 5209 venas
1967 5148 2117 5207 metallicas

1201 5224 1418 5278 Mansleldeuscs
1436 5224 1572 5278 ridendas.
1609 5224 1670 5277 vid.
1683 5238 1725 5291 ep.
1737 5223 1769 5275 ad
1786 5222 1956 5292 Meienburg.
1974 5222 1998 5276 tl.
2012 5221 2037 5272 ⁶.
2050 5218 2120 5289 Ape.

1168 5309 1195 5371 l)
1214 5309 1298 5365 Peuc.
1314 5324 1400 5370 uero,
1418 5308 1559 5363 mendose.
1680 5318 1684 5331 ¹

1165 5394 1192 5463 2)
1215 5391 1321 5517 quqiit
1346 5392 1450 5466 Lipsiae
1476 5392 1553 5445 1606.
1602 5391 1665 5445 Vid.
1684 5391 1807 5444 Paurerr'
1822 5389 1922 5443 Annsl.
1952 5385 2034 5439 l'om.
2059 5386 2121 5442 vu.

1199 5478 1227 5532 p.
1293 5499 1302 5516 .
