4776 6024
182 160 256 237 sat

184 333 343 419 tumeliis
374 330 543 405 afficiunt.
572 318 575 323 Δ
602 312 726 401 Minus
753 343 943 401 moventur
970 324 1039 401 hoc
1067 352 1172 421 argu·

185 451 305 505 mento
322 432 436 521 Reges
452 447 485 501 ct
500 431 695 522 Principes,
722 432 804 525 quia
819 457 928 522 pauca
944 432 1069 502 talium
1087 453 1172 524 poc·

184 560 312 608 narum
328 535 485 622 exempla
504 535 636 606 vident.
687 534 756 604 Sed
775 558 847 604 non
864 535 1093 625 spectandum
1109 542 1172 616 est,

185 639 271 733 qnid
289 638 367 715 fiat,
393 636 452 702 sed
471 635 555 725 quid
573 635 649 703 fieri
666 636 801 709 debeat.

757 126 1187 233 uer-sronanuu
1238 150 1455 231 arnan.
1511 152 1641 234 1ass.

2135 149 2210 226 ω

1225 326 1349 396 damus
1364 348 1461 396 arma
1476 326 1616 400 iniustis
1631 326 1908 419 Magistratibus,
1934 331 1993 399 sed
2011 351 2070 398 eos
2086 331 2131 398 de
2146 353 2209 399 ora

1224 426 1307 495 diue
1322 427 1535 497 indiciorum
1550 442 1584 498 et
1599 452 1792 520 poenarum
1808 432 2149 500 commonefacimus.

1324 526 1372 598 At
1393 529 1562 621 scriptum
1585 544 1636 599 est
1654 534 1697 600 de
1717 533 1875 601 zizaniis:
1910 529 2029 601 Sinite
2053 538 2209 626 utraque

1223 648 1383 701 cresccre.
1433 628 1471 699 Si
1494 631 1573 722 quis
1593 626 1661 700 hoc
1676 635 1811 703 dictum
1827 658 1868 702 co
1886 634 2090 724 detorquet,
2114 644 2206 701 utet

281 752 363 824 Egi
391 764 508 820 autem
534 746 641 821 huius
666 767 805 822 nostrae
826 753 1019 823 ,empostae
1045 748 1171 820 ,grpag
1219 725 1401 812 Doctores,
1419 743 1453 800 et
1463 729 1690 820 Magistratus
1704 737 1896 804 concedant
1914 736 2079 805 omnibns
2094 733 2206 801 licen-

183 855 366 927 manifesta
395 865 464 936 est,
504 866 620 922 tamen
648 854 769 938 multi,
810 854 871 947 qui
897 856 966 923 sibi
992 853 1168 923 licentiam

1221 830 1307 898 tiam
1324 831 1491 918 fingendi,
1515 848 1548 902 et
1563 836 1750 927 spargendi
1765 857 1993 931 quascunque
2007 834 2208 925 opiniones,

186 954 332 1028 concedi
360 954 488 1023 volunt
510 953 660 1022 ludendi
685 954 915 1044 opinionibus
936 958 980 1023 de
1002 954 1097 1033 Deo,
1129 965 1170 1022 ut
1222 925 1327 1000 h⁰i⁰⁸
1360 932 1513 1002 amentia
1541 934 1726 1024 llfl'SPlffle
1745 937 1918 1004 “sumus
1950 936 2073 1006 munst
2101 957 2205 1026 Prae·

184 1061 281 1142 libet,
307 1069 495 1146 opponunt
512 1056 624 1123 varias
641 1057 892 1128 cavillationes.
936 1054 1097 1140 Primum
1113 1054 1167 1123 di-

183 1172 286 1237 cunt,
312 1155 558 1244 Magistratom
575 1179 649 1224 non
670 1181 769 1245 posse
791 1159 919 1247 punire
942 1158 1168 1246 cogitationes

183 1260 323 1336 mentis,
341 1256 543 1347 praesertim
560 1281 638 1325 curn
655 1282 719 1324 nec
734 1260 818 1326 dare
834 1260 1068 1327 assensionem
1077 1280 1166 1349 ,pos-

183 1363 240 1435 sit.
284 1357 351 1429 Cui
367 1369 571 1446 argumento
590 1381 669 1425 vere
685 1359 734 1425 sic
752 1362 1035 1448 respondendum
1056 1354 1116 1427 est.

285 1473 511 1563 Magistratus
529 1487 668 1541 externa
686 1475 809 1543 delicta
827 1477 946 1564 punit,
973 1490 1012 1543 nt
1030 1475 1166 1543 adulte-

185 1579 255 1663 ria,
280 1598 354 1644 non
370 1574 537 1643 interiora
553 1575 730 1643 incendia.
768 1575 827 1646 Sic
846 1591 880 1645 et
895 1577 986 1665 dicta
1001 1570 1167 1667 blasphe-

182 1705 256 1763 ma,
278 1700 352 1745 non
367 1675 488 1745 tacitas
502 1674 613 1742 animi
632 1677 871 1765 cogitationes.

280 1791 331 1863 At
346 1816 452 1860 nemo
470 1804 582 1880 potest
600 1791 756 1860 iudicare
776 1817 834 1876 ea,
861 1818 949 1886 qnae
968 1818 1044 1877 non¹
1061 1791 1166 1860 intel-

182 1897 275 1987 ligit,
301 1908 337 1961 ut
355 1916 438 1960 vere
452 1893 597 1961 dicitur:

310 2004 480 2086 Mndfnore
496 2006 606 2088 κρίνειν
626 2001 808 2087 ἀδαήμονας
823 2004 941 2084 ἄνδρας
956 2001 1063 2079 ἐάσεις.

280 2121 327 2195 Et
350 2119 417 2194 hoc
445 2122 521 2214 ipso
545 2135 701 2214 tempore
724 2125 848 2193 dicnnt
873 2125 999 2192 armati
1028 2139 1061 2192 et
1085 2123 1162 2191 acui

178 2226 358 2300 saevitiam
375 2238 627 2318 tyrannorum,
654 2225 714 2316 qui
737 2239 819 2293 sunt
835 2220 950 2294 hostes
967 2222 1164 2313 Evangelii,

181 2332 208 2399 si
226 2328 389 2411 audiant,
415 2325 522 2393 armis
540 2329 706 2393 tuendam
722 2349 794 2393 esse
811 2326 1019 2397 doctrinam.

281 2426 353 2497 Nos
369 2451 450 2495 vero
467 2439 576 2494 metas
593 2449 672 2495 suas
688 2449 807 2509 nosse,
833 2439 866 2493 et
890 2426 1067 2494 custodire
1082 2421 1164 2492 Ma-

180 2532 362 2621 gistratum
387 2529 561 2598 volumus.
614 2524 723 2595 Utin
748 2527 892 2594 caeteris
914 2527 1042 2595 caussis
1057 2549 1161 2594 nemo

178 2632 255 2703 sine
270 2628 421 2720 legitima
440 2626 641 2717 cognitione
657 2628 857 2715 puniendus
873 2643 940 2711 est,
963 2627 1010 2697 ita
1030 2626 1163 2716 praeci-

179 2756 247 2824 pue
269 2743 367 2799 cnret
383 2728 627 2818 Magistratus,
662 2728 697 2794 in
724 2752 762 2795 re
782 2741 874 2796 tanta
894 2729 1060 2796 constitui
1077 2727 1162 2817 legi-

179 2834 264 2905 tima
279 2828 456 2901 Ecclesiae
472 2828 615 2901 iudicia.
648 2826 900 2899 convocentur
914 2829 1063 2923 Synodi‚
1088 2854 1162 2897 non

177 2935 292 3029 qualis
320 2945 371 3001 est
398 2932 459 2999 illa
482 2927 624 3000 Cleonis
655 2933 746 3021 apud
772 2926 1067 3022 Aristophanem,
1100 2930 1160 2999 ubi

176 3036 334 3106 considet
350 3033 469 3101 ovium
485 3033 620 3115 concio,
647 3045 680 3101 et
694 3030 846 3101 Balaena
864 3033 1038 3121 praesidet
1052 3055 1162 3120 grun-

1219 1032 1338 1121 ccptis.
1363 1027 1507 1128 Siquis
1523 1028 1892 1129 olr'ndEvangelinm
1910 1030 2080 1122 docuerit,
2106 1057 2206 1104 ana-

1219 1125 1343 1200 thema
1373 1130 1435 1205 sit.
1495 1132 1602 1216 Item,
1632 1130 1813 1236 Resoluta
1834 1158 1894 1207 eos
1918 1130 2130 1228 ἀποτόμως,
2163 1145 2205 1206 ut

1220 1226 1365 1303 discant
1391 1231 1430 1301 in
1440 1228 1523 1327 fide
1544 1259 1632 1304 sam
1650 1262 1735 1314 essa.
1784 1237 1833 1309 Et
1853 1242 1898 1309 ad
1912 1236 2119 1310 Corinthios
2143 1261 2208 1317 qu

1218 1356 1335 1424 presse
1351 1337 1564 1428 praecipitur
1575 1340 1619 1407 de
1633 1341 2004 1411 excommunicatione.
2057 1339 2204 1410 Faciant

1219 1435 1325 1524 igitur
1346 1433 1519 1506 Doctores
1545 1460 1604 1518 ea,
1630 1464 1720 1532 quae
1742 1453 1825 1510 sunt
1847 1441 1903 1509 sui
1926 1440 2050 1523 officii,
2073 1440 2206 1533 quibus

1219 1535 1354 1606 etiamsi
1374 1558 1478 1624 opem
1502 1538 1615 1608 ferent
1628 1539 1858 1628 Magistratus
1879 1564 1943 1609 suo
1965 1541 2064 1619 loco,
2085 1555 2205 1621 tamen

1218 1636 1285 1705 late
1302 1647 1476 1722 vagantur
1497 1659 1644 1712 errores.
1695 1638 1743 1709 Et
1764 1653 1881 1708 tamen
1896 1639 2069 1710 rarissimi
2085 1639 2204 1730 Magi-

1216 1748 1345 1805 stratus
1359 1750 1463 1821 sunt,
1488 1738 1550 1830 qui
1564 1738 1763 1809 afficiantur
1776 1764 1857 1809 cura
1875 1741 2042 1825 veritatis,
2068 1741 2204 1830 gloriae

1216 1834 1304 1920 Dei,
1331 1848 1365 1905 et
1381 1860 1464 1905 suae
1478 1838 1619 1911 salutis·
1661 1837 1948 1909 Consolationem
1971 1841 2080 1930 igitur
2094 1844 2202 1914 tradit

1216 1936 1309 2004 filius
1325 1932 1410 2004 Dei:
1446 1935 1537 2005 Cum
1561 1940 1627 2007 ait:
1660 1936 1780 2008 Sinite
1803 1949 1955 2036 utraque
1972 1963 2136 2031 crescere,
2162 1944 2203 2017 id

1216 2049 1285 2119 est,
1312 2060 1387 2104 non
1409 2038 1558 2105 deserite
1577 2034 1787 2124 Ecclesiam,
1819 2067 1893 2109 non
1913 2041 2054 2111 abiicite
2071 2066 2202 2112 munus

1215 2148 1308 2204 recte
1329 2137 1502 2218 docendi,
1535 2139 1670 2208 etiamsi
1695 2141 1858 2211 diabolus
1881 2143 2014 2211 semina
2038 2166 2198 2214 errorum

1215 2250 1371 2327 sparget,
1408 2262 1497 2329 quae
1523 2263 1598 2307 non
1634 2253 1801 2329 poterunt
1834 2238 1987 2312 humana
2015 2244 2207 2335 diligentia·

1213 2337 1291 2406 tolli
1307 2338 1438 2406 omnia.
1465 2335 1545 2409 Erit
1560 2339 1678 2432 aliqua
1695 2365 1776 2411 vera
1790 2339 1947 2412 Ecclesia
1963 2341 2045 2429 Dei,
2059 2345 2201 2415 etiarnsi

1214 2462 1361 2528 magnae
1376 2440 1599 2511 confusiones
1613 2463 1685 2511 sem
1711 2467 1749 2511 er
1761 2445 1918 2528 fuerunt,
1933 2462 2028 2528 sunt,
2045 2458 2079 2515 et
2091 2460 2201 2539 ¹erunt

1213 2540 1350 2627 generis
1366 2535 1525 2633 humani.
1571 2538 1669 2611 lnter
1685 2467 1751 2613 hos
1766 2542 1894 2615 fluctus
1906 2558 2024 2615 tamen
2039 2546 2202 2639 cymbam

1213 2664 1312 2710 suam
1328 2639 1421 2707 lilius
1437 2636 1501 2708 Dei
1519 2644 1684 2713 servabit.

1314 2738 1391 2808 Hac
1414 2743 1653 2811 consolatione
1682 2757 1774 2814 certe
1795 2769 1900 2815 nunc
1926 2769 2067 2838 quoquc
2096 2741 2201 2815 nobis

1215 2864 1306 2932 opus
1331 2853 1394 2912 est.
1453 2841 1541 2913 Nam
1563 2845 1615 2935 pii
1641 2844 1819 2917 intuentes
1846 2859 1979 2915 tantam
2008 2846 2201 2935 impiorum

1213 2941 1499 3028 multitudinem,
1524 2956 1559 3013 et
1581 2946 1674 3016 inter
1690 2941 1773 3026 hos,
1798 2947 1858 3037 qui
1878 2971 2007 3016 nomen
2022 2945 2202 3017 Ecclesiae

1213 3038 1363 3126 habent,
1402 3054 1475 3111 tam
1501 3045 1616 3115 varias
1643 3043 1928 3131 dilacerationes,
1966 3068 2201 3139 magnorum

177 3139 291 3209 nitunt
317 3137 424 3203 edens
446 3135 563 3224 porci,
598 3147 630 3202 et
648 3145 768 3202 tenens
784 3134 973 3213 trutinam,
1005 3157 1045 3203 ac
1061 3156 1162 3224 prae·
1213 3145 1336 3213 dolore
1349 3158 1543 3236 quaerunt,
1567 3146 1631 3218 ubi
1647 3148 1693 3217 sit
1705 3143 1861 3218 Ecclesia
1875 3144 1954 3232 Dei,
1977 3172 2083 3243 quam
2101 3146 2203 3219 Psal-

177 3263 298 3309 conem
323 3231 515 3319 adhibens,
549 3234 610 3328 qui
633 3248 736 3326 capnt
759 3231 866 3308 habet
887 3226 1063 3329 adnexos,
1091 3258 1163 3318 ⁸⁸1¹,
1213 3269 1293 3315 mus
1312 3245 1431 3336 inquit
1449 3246 1738 3319 formosissimam
1754 3272 1845 3333 esse,
1871 3272 1952 3321 cum
1970 3250 2037 3335 ait,
2056 3241 2202 3320 Coaco-

177 3353 218 3411 ὓῑ
233 3335 435 3409 Alfihissdsss
453 3337 610 3419 dicebat,
635 3331 844 3429 ῖθαυλίζωγ
869 3329 1035 3415 κόλακος·
1211 3344 1323 3442 piscat
1346 3338 1435 3414 Rex
1488 3344 1744 3417 alcrr‘tndr‘nem
1774 3357 1893 3432 lnam,
1927 3346 2017 3447 quid
2048 3348 2126 3446 ipsc
2149 3358 2202 3419 est

274 3455 371 3526 Haec
396 3453 615 3524 conveniunt
638 3453 681 3519 ad
705 3449 953 3521 Tridentinam
978 3451 1161 3544 Synodum
1213 3442 1405 3515 Dominus
1427 3370 1534 3516 llius
1559 3456 1662 3532 fdus,
1693 3456 1725 3516 el
1747 3444 1926 3517 adorabis
1946 3474 2036 3523 cnm.
2100 3448 2200 3540 Quid

175 3558 312 3634 omnia,
343 3577 449 3645 qnam
474 3552 637 3620 Pontifex
654 3549 806 3618 Balaena
829 3553 989 3638 regebat,
1014 3552 1163 3637 gronni—
1215 3559 1267 3616 est
1284 3557 1401 3613 autem
1418 3546 1610 3618 deformius
1626 3548 1876 3618 dilaceratione
1891 3545 2069 3621 Ecclesiae
2092 3545 2202 3621 buius

177 3673 253 3728 tum
273 3655 368 3744 porci
384 3654 510 3734 edens,
544 3664 577 3719 et
600 3672 788 3740 praecones
810 3664 910 3719 erent
930 3643 1102 3739 κόρακες,
1130 3663 1164 3720 et
1213 3643 1409 3734 temporis?
1457 3642 1528 3714 sed
1542 3646 1731 3716 referamus
1747 3664 1880 3716 mentes
1895 3664 2000 3743 atqne
2016 3653 2138 3721 oculos
2152 3654 2198 3721 ad

177 3749 346 3843 κόλακες,
373 3745 558 3837 Monachi,
585 3763 618 3818 et
632 3762 873 3823 assentatores.
924 3747 1005 3817 Non
1021 3750 1091 3819 sint
1108 3751 1162 3819 in·
1215 3743 1444 3837 Symbolum,
1475 3745 1606 3839 inquo
1630 3745 1799 3833 dicimus,
1830 3738 1950 3817 Credo
1973 3772 2046 3819 csse
2070 3748 2200 3821 Eccle-

174 3860 270 3929 dices
296 3853 449 3935 indocti,
477 3852 637 3922 fascinati
659 3850 755 3919 falsis
778 3850 1007 3941 opinionibus
1025 3848 1162 3939 Regum
1213 3845 1310 3913 siam
1336 3837 1578 3929 catholicam,
1602 3860 1637 3917 et
1659 3851 1701 3918 ad
1721 3851 1812 3921 dicta
1830 3850 1969 3919 divina:
1995 3848 2085 3921 Erit
2104 3851 2199 3923 sient

177 3973 238 4031 unt
263 3958 358 4047 vulgi
383 3947 549 4034 κόλακες,
578 3978 653 4022 non
672 3954 846 4022 cudantur
868 3955 1004 4021 decreta
1026 3953 1066 4020 in
1080 3976 1162 4021 cen·
1216 3944 1256 4015 in
1272 3940 1538 4035 diebusNooe,
1567 3963 1629 4019 etc.
1683 3946 1826 4021 Etcum
1852 3966 1985 4021 certum
2008 3953 2072 4038 sit,
2106 3948 2201 4025 hane

176 4059 321 4130 tauricis
340 4056 534 4139 conviviis,
569 4070 628 4125 ant
649 4055 687 4123 iu
709 4055 909 4147 gynaeceis,
939 4055 998 4123 sed
1024 4054 1174 4147 regulae
1215 4072 1288 4119 esse
1308 4072 1427 4117 veram
1453 4050 1526 4119 Dei
1549 4047 1761 4136 Ecclesiam,
1787 4053 1825 4120 in
1840 4077 1908 4146 qna
1932 4079 1998 4122 vox
2013 4050 2199 4144 Evangelii

175 4157 283 4250 Regis
310 4153 474 4251 losapbat
503 4158 777 4248 obtemperetur.
831 4155 887 4229 Sit
913 4155 951 4227 in
986 4154 1164 4225 iudicibus
1214 4163 1316 4220 sonat
1339 4150 1564 4243 incorrupta,
1596 4146 1680 4221 huic
1702 4176 1766 4223 nos
1791 4154 2040 4245 adiungamus,
2065 4169 2100 4226 et
2122 4180 2200 4224 rna-

174 4263 282 4335 timor
304 4259 390 4343 Dei,
421 4258 585 4340 scientia,
618 4272 652 4327 et
675 4257 858 4346 diligentia
887 4257 925 4324 in
951 4257 1162 4343 cognitione.
1214 4274 1359 4321 neamus
1382 4252 1419 4319 i'n
1435 4274 1474 4321 ea
1489 4267 1688 4323 constantes
1703 4267 1737 4324 et
1753 4254 1845 4323 firmi
1862 4257 1972 4340 cives,
1998 4269 2033 4326 et
2047 4254 2201 4326 coniun-

174 4361 229 4434 Sit
259 4362 363 4431 ctiam
395 4360 468 4449 ipse
489 4356 716 4447 Magistratus
747 4360 946 4427 membrum
974 4354 1163 4442 Ecclesiae,
1216 4354 1368 4424 ctionem
1383 4365 1557 4423 tueamur.

175 4462 349 4550 intelligat
364 4460 580 4543 doctrinam,
605 4472 699 4527 amet
712 4461 914 4538 veritatem,
941 4457 1079 4529 intersit
1103 4483 1161 4526 co·
1194 4499 1200 4521 ·
1315 4451 1412 4522 Haec
1439 4469 1560 4525 monet
1581 4455 1642 4525 illa
1668 4450 1801 4527 Christi
1831 4456 1954 4527 concio
1977 4459 2023 4526 de
2046 4457 2207 4541 zizaniis..

173 4564 345 4652 guirioni,
375 4572 414 4629 ut
431 4560 621 4628 adfuerunt
635 4556 901 4640 Constantinus,
928 4553 1162 4649 Theodosius,
1214 4577 1305 4647 quae
1321 4549 1486 4645 prohibet
1503 4555 1672 4626 Doctores
1687 4557 1802 4633 aliena
1820 4582 1840 4628 a
1858 4581 1921 4629 suo
1936 4559 2051 4631 officio
2069 4560 2199 4631 facere:

172 4663 394 4740 Martianus,
418 4660 519 4741 sciat,
548 4682 583 4726 se
602 4658 797 4748 praesidere
816 4682 890 4727 nrm
906 4654 1161 4743 ntBrlaenam,
1216 4655 1319 4725 Vetat
1338 4655 1446 4725 etiarn
1471 4658 1589 4736 deseri,
1606 4655 1802 4729 Ecclesiam
1824 4674 1970 4749 propter
1994 4658 2056 4729 itta
2085 4660 2199 4731 tristia

171 4768 232 4835 sed
251 4778 288 4832 ut
303 4761 370 4833 Dei
387 4760 601 4840 ministrnm,
628 4772 661 4827 et
676 4759 822 4845 gloriam
841 4756 906 4826 Dei
920 4760 1087 4827 omnibns
1104 4785 1161 4829 re-
1214 4757 1409 4848 spectacula
1430 4756 1709 4841 dissensionum,
1734 4760 1923 4845 odiorum,
1956 4760 2200 4829 etcalumnia·

172 4867 238 4935 bns
262 4865 450 4941 anteferat,
482 4860 598 4928 audiat
620 4862 793 4941 eruditos,
825 4863 923 4930 econ
942 4884 1022 4928 vera
1039 4861 1160 4928 dicen-
1213 4883 1307 4928 rum.
1358 4856 1493 4928 Interea
1515 4861 1618 4930 faciat
1640 4860 1719 4949 pius
1742 4874 1776 4930 ct
1799 4860 1950 4950 vigilans
1971 4854 2201 4951 Magistratus

171 4968 276 5050 tibus,
292 4991 332 5034 ac
347 4963 502 5051 regulam
519 4976 701 5054 sequatur:
727 4953 868 5031 Omnia
884 4958 1047 5056 probata,
1064 4959 1164 5059 quod
1213 4983 1273 5041 ea,
1298 4974 1485 5052 quaesunt
1510 4961 1565 5030 sui
1586 4961 1716 5044 oflicii,
1741 4961 1823 5050 quia
1841 4963 1996 5050 profecto
2011 4963 2050 5031 in
2072 4985 2201 5050 magno

176 5060 309 5137 donum
327 5073 396 5148 est,
422 5069 544 5134 tenete.
1215 5076 1249 5128 et
1270 5055 1435 5131 horribili
1459 5084 1579 5129 errore
1597 5073 1698 5144 snut,
1722 5061 1782 5152 qui
1804 5078 1982 5131 aeternam
2005 5063 2117 5155 legem
2132 5060 2200 5131 Dei

274 5169 365 5240 Cum
393 5167 501 5254 igitur
527 5175 608 5233 ante
641 5184 790 5250 poenam
817 5160 955 5231 institui
982 5184 1100 5229 veram
1127 5175 1161 5229 et
1214 5160 1264 5226 sic
1281 5173 1407 5248 putant
1419 5160 1607 5231 extinctam
1625 5183 1708 5242 esse,
1728 5175 1767 5231 ut
1782 5161 2019 5255 lexSpartana
2034 5167 2079 5232 de
2092 5187 2202 5231 num-
2321 5204 2335 5219 -

176 5269 269 5364 piam
284 5268 536 5360 cognitionem,
561 5276 595 5333 ct
610 5261 889 5332 admonitionem
904 5261 1064 5346 velimus,
1087 5252 1162 5328 non
1216 5281 1273 5326 mo
1290 5261 1403 5327 ferreo
1419 5272 1635 5330 mortuaest.
1688 5259 1778 5332 Vult
1792 5260 1894 5335 Deus
1914 5260 2152 5358 blasphemias
2165 5277 2202 5335 et
