4734 6016
159 258 241 333 sas
702 206 1155 326 'urtsronauuss
1208 236 1315 326 nra.
1344 244 1428 327 ιιι.
1482 242 1614 323 seso.
1806 330 1808 334 ,
2114 262 2189 339 ιιι

162 423 318 528 στοργαὶ
326 448 406 517 erga
421 422 591 510 sobolem,
605 436 646 496 ut
658 423 731 496 sint
744 419 1101 494 commonefactiones
1109 419 1155 489 de
1203 421 1288 491 tiam
1305 416 1373 490 Dei
1390 420 1426 489 in
1444 444 1570 512 genere
1586 417 1745 496 humano
1767 430 1923 504 ostendit
1939 432 2100 506 miranda
2123 430 2186 509 de.³

163 534 304 629 στοργῇ
321 527 444 599 iuDeu
459 549 540 616 erga
554 524 666 596 lilium
681 539 717 597 et
732 548 812 616 erga
829 547 907 598 nos.
944 522 1031 593 Vult
1046 521 1155 611 igitur
1202 523 1316 592 lensio
1343 512 1550 599 societatis.'
1588 525 1750 621 Denique
1775 531 1990 622 amplissima
2013 539 2184 628 sapientia

161 631 272 718 Deus,
282 652 348 701 nos
357 629 482 699 dolore
491 627 595 697 adlici
608 627 647 696 in
658 624 1154 707 rebusadversisuostrorum,
1203 636 1255 694 est
1271 622 1308 692 in
1325 617 1393 693 hoc
1410 624 1534 695 divino
1552 628 1722 712 consilio,
1750 654 1822 721 quo
1841 634 2032 724 coniugum
2050 654 2084 711 et
2100 667 2184 711 ron.

163 735 224 804 sed
234 733 311 830 vult
320 755 386 802 nos
402 728 675 801 etiamdolorem
685 729 734 801 ita
750 727 947 811 moderari,
965 738 1007 797 ut
1020 724 1153 796 docuit.
1202 725 1290 815 iugii
1316 726 1408 814 leges
1429 728 1555 804 sanxit.
1620 727 1740 817 erarc
1763 731 1894 804 diserte
1921 738 2092 829 scriptum
2115 758 2182 813 est:

163 834 341 905 Haectibi
357 856 437 902 cum
452 831 645 915 notasint,
669 831 786 901 scribo
802 830 966 911 brevius,
991 825 1152 896 etlilium
1202 821 1302 895 dixit
1322 821 1523 898 Dominus.
1572 824 1654 899 Non
1677 854 1779 916 casu,
1814 857 1887 903 non
1908 861 2012 908 coeco
2037 857 2183 915 naturae

162 934 250 1020 Dei,
275 932 462 1005 dominum
486 944 649 1002 nostrum
667 929 782 1002 lesum
798 927 980 1001 Christum
999 950 1087 1014 oro,
1112 938 1153 996 ut
1201 941 1301 999 motu
1317 929 1515 1019 iunguntur
1530 925 1710 1017 homines3
1738 936 1798 1003 sed
1820 950 1915 1007 certo
1930 934 1997 1007 Dei
2023 945 2172 1014 00031130

164 1050 279 1109 servet
307 1030 522 1133 Ecclesiam·
536 1044 570 1102 et
602 1032 642 1100 in
670 1054 710 1102 ea
739 1044 878 1101 nostras
908 1029 1079 1113 familias,
1112 1039 1153 1098 ut
1201 1045 1236 1101 et
1263 1030 1424 1100 miranda
1458 1032 1631 1124 sapientia
1663 1028 1731 1104 hoc
1760 1036 1886 1108 foedus
1918 1041 2091 1113 sancitum
2122 1001 2184 1118 est:

164 1140 281 1231 ipsum
307 1159 390 1205 vere
411 1134 590 1204 celebrent
610 1133 649 1201 in
676 1131 991 1215 totaaeternitate.
1043 1127 1150 1218 Quod
1201 1129 1308 1220 Quod
1326 1133 1435 1221 igitur
1450 1134 1624 1219 maluisti,
1640 1149 1786 1226 propter
1799 1138 2018 1211 voluntatem
2028 1145 2098 1215 Dei
2144 1149 2182 1216 in

166 1241 360 1328 interrogas
383 1236 428 1306 de
448 1237 558 1306 verbo
578 1226 838 1332 ἐντυγχάνειν,
870 1256 945 1303 non
968 1230 1077 1301 dubia
1101 1243 1151 1298 est
1201 1229 1411 1328 coniugio¹)
1426 1246 1521 1306 casto
1544 1236 1682 1320 vivere,
1707 1262 1814 1331 quam
1836 1240 1875 1309 in
1904 1243 2069 1332 periculis
2091 1200 2183 1319 vitae

166 1338 392 1432 significatio:
440 1336 656 1407 intercedere
687 1334 745 1405 vel
777 1333 1022 1424 interpellare,
1055 1331 1150 1422 apud
1201 1335 1375 1419 coelibus,
1395 1335 1507 1426 pietas
1525 1333 1673 1406 tuaDco
1691 1352 1787 1427 grata
1805 1355 1867 1415 est.
1906 1340 2040 1415 Tecum
2057 1361 2173 1418 autem

165 1447 298 1513 iratum
315 1439 450 1533 aliquid
468 1461 533 1529 pro
549 1437 622 1507 alio
639 1450 768 1527 petere.
820 1429 985 1506 Christus
999 1434 1152 1502 interce·
1200 1449 1330 1506 etcum
1348 1437 1574 1526 pudicissima
1591 1460 1717 1528 sponsa
1727 1451 1799 1521 tua,
1814 1434 1911 1511 hunc
1927 1466 2050 1515 verum
2059 1403 2185 1519 Deum,

166 1543 239 1629 dit,
264 1554 305 1612 ut
318 1541 442 1609 merita
456 1561 520 1609 sna
540 1561 606 1630 pro
622 1538 727 1608 nohis
749 1536 920 1621 offerens,
944 1544 981 1607 at
998 1532 1153 1626 Spiritus
1201 1550 1382 1607 aeternum
1393 1534 1534 1608 Patrem
1542 1536 1690 1609 Domini
1704 1540 1818 1609 nostri
1835 1538 1914 1612 lesu
1928 1539 2082 1631 Christi,
2100 1504 2187 1618 ron-³

167 1656 308 1716 sanum
328 1640 551 1731 interpellat,
575 1652 616 1710 ut
640 1639 817 1708 inclinans
838 1635 1092 1729 adpetendum
1119 1645 1153 1702 et
1202 1637 1353 1707 ditorem
1368 1638 1508 1724 generis
1529 1632 1696 1722 humaui,
1722 1654 1897 1712 amantem
1922 1647 2089 1720 castitatis
2110 1676 2173 1721 oro

167 1745 363 1818 accendens
395 1743 502 1811 corda
534 1738 655 1811 nostra
682 1753 717 1809 et
738 1741 922 1812 adiuvans.
980 1733 1151 1824 Exempla
1201 1750 1241 1807 ut
1254 1737 1378 1822 iaciat,
1402 1750 1443 1809 nt
1457 1737 1662 1828 coniugium
1678 1752 1781 1808 tunm
1797 1741 1843 1810 sit
1854 1744 2010 1815 faustum
2037 1748 2070 1819 et
2091 1703 2187 1822 ielis:

167 1847 268 1917 verbi
284 1844 388 1936 plura
405 1841 581 1931 colligam.
620 1838 724 1911 Nunc
740 1834 808 1911 hoc
827 1834 1152 1928 adscribam,quod
1202 1836 1299 1908 Haec
1332 1852 1413 1909 vota
1448 1839 1631 1909 vobiscum
1663 1839 1774 1924 tacto,
1814 1842 1951 1912 etiamsi
1972 1842 2007 1938 ²)
2042 1874 2187 1942 corpore

168 1947 297 2038 legitur
317 1945 411 2036 apud
428 1935 659 2013 Plutarchum
683 1944 728 2012 de
749 1941 872 2031 legatis
887 1939 1004 2009 missis
1018 1937 1063 2008 ad
1081 1931 1152 2005 Co·
1203 1939 1292 2009 istuc
1310 1962 1384 2007 non
1402 1941 1541 2010 accedo.
1592 1937 1674 2010 Scio
1691 1938 1788 2008 enim
1811 1948 2099 2036 nosueutentiis,
2125 1977 2189 2022 vo.

168 2049 347 2121 riolanur'n
363 2044 526 2137 petituris
539 2065 677 2134 pacem:
703 2036 952 2141 ἐνετύγχανον
965 2035 1070 2131 αὐτῷ
1084 2058 1154 2105 κα·
1204 2041 1266 2123 tis,
1290 2041 1537 2117 benevolentia
1552 2063 1627 2110 uon
1642 2043 1776 2125 fucata,
1802 2042 2011 2118 coniunctos
2029 2072 2123 2134 esse,
2154 2066 2189 2123 et

170 2144 365 2242 θεζομὲνῳ
388 2159 453 2218 elc-
484 2143 758 2235 inlerpellarunt
780 2166 860 2211 eum
883 2143 1061 2208 sedentem
1089 2149 1153 2208 eit·
1203 2143 1278 2210 lore
1303 2140 1340 2207 in
1366 2153 1439 2210 tota
1463 2141 1681 2213 aeternitate.
1738 2140 2018 2220 Honestissimae
2040 2154 2189 2243 sponsae

170 2251 309 2329 Miror,
333 2240 606 2336 reprehensores
630 2258 769 2313 nostros
786 2267 831 2309 ne
857 2239 999 2332 quidem
1027 2235 1155 2328 veteris
1205 2262 1285 2310 tuae
1318 2241 1420 2311 mitto
1452 2234 1655 2341 γαμήλιον,
1689 2246 1786 2336 quod
1822 2246 1855 2314 ei
1888 2244 2071 2322 exhibebis
2105 2254 2191 2345 ipse.

170 2348 350 2422 Ecclesiae
374 2344 586 2414 testimoniis
616 2345 764 2414 moveri.
823 2340 1052 2431 Perspicuum
1091 2348 1154 2416 est,
1205 2341 1301 2412 Bene
1318 2345 1412 2426 vale,
1439 2346 1494 2412 vir
1516 2346 1650 2436 optime
1674 2359 1708 2416 et
1731 2346 1850 2419 cariss.
1871 2348 1990 2423 irater.
2042 2345 2191 2426 calendi

173 2451 270 2545 quod
286 2472 326 2518 ex
344 2443 501 2515 Eusebio
513 2443 669 2514 recitavi.
722 2443 865 2516 Utinam
883 2440 977 2511 docti
993 2440 1039 2508 de
1060 2439 1154 2507 mul·
1204 2443 1368 2516 Decemh,
1389 2441 1498 2520 1550,

172 2553 219 2622 tis
242 2550 349 2620 rebus
370 2546 526 2639 colloqui
554 2556 712 2636 possent,
745 2544 828 2637 quia
852 2542 969 2622 vides,
1003 2540 1156 2608 subinde
1431 2582 1435 2589 ·
1518 2534 1522 2541 ⁸
1715 2545 2141 2644 PhilippusMelanthon.

173 2653 250 2723 lieri
273 2650 424 2719 maiores
443 2645 722 2716 dilacerationes.
774 2644 881 2715 Mitto
902 2662 1024 2712 rursus
1040 2662 1155 2709 erem·

173 2756 273 2845 plum
287 2763 427 2821 nostrae
442 2746 690 2838 disputationis
699 2739 757 2837 *),
780 2749 875 2839 quod
892 2741 1064 2822 ostendit,
1091 2762 1157 2808 nos
1235 2773 1524 2783 -··---·-··-·-

174 2856 356 2937 laborare,
380 2865 422 2920 ut
437 2850 475 2918 in
489 2848 621 2920 nostris
638 2842 806 2917 Ecclesiis
822 2862 855 2917 et
872 2846 1000 2916 veritas
1022 2855 1056 2913 et
1072 2866 1158 2911 con-

176 2977 299 3026 sensus
325 2953 528 3024 retineatur.
587 2946 667 3017 Hoc
689 2963 849 3020 nostrum
871 2945 1028 3017 studium
1052 2944 1157 3013 adiu·
1208 2916 1406 3046 Q·

176 3080 261 3127 vare
291 3054 422 3124 multos
457 3050 621 3144 optarim.
689 3046 786 3120 Bene
819 3050 897 3118 vale
927 3060 962 3117 et
993 3045 1159 3119 rescribe.
1756 3060 1767 3077 ·

176 3147 667 3233 Prid.Cal.Decemb.1566.
1511 3143 1541 3198 a
1576 3114 1880 3237 Tattienlttsty.

909 3246 1109 3340 Philippus.

1264 3398 1268 3405 .
1282 3292 1367 3429 Dserp'z.
1380 3290 1483 3412 ἐξίῃ.
1497 3287 1634 3359 αδδιὶμι.
1643 3288 1674 3343 in
1685 3289 1845 3361 appendice,
1864 3308 1906 3360 ep.
1920 3294 1943 3345 l.
1964 3293 2031 3349 Cod.
2040 3292 2123 3356 Geth.
2136 3299 2195 3355 188.

1215 3472 1406 3585 Illnslrib.
1429 3518 1460 3579 et
1489 3504 1675 3599 generosis
1696 3501 1895 3593 Dominis,
1926 3506 1978 3584 D.
2007 3510 2033 3581 I
2040 3520 2197 3605 oanni,

178 3641 248 3714 No,
264 3635 378 3714 6125,
578 3650 580 3655 ’
839 3662 845 3667 -
1050 3637 1166 3707 pom,
1217 3601 1542 3702 etDGeorgio,
1551 3604 1763 3706 fratribus,
1784 3604 1997 3683 Beronibus
2013 3612 2053 3683 in
2070 3611 2197 3688 Taa-

187 3735 357 3769 Μ
1032 3732 1166 3761 Μ
1217 3704 2200 3806 lenburgetForgela‚Dominisssss'sreveren-

516 3839 583 3925 10,
614 3841 824 3958 stipala
1523 3821 1577 3881 ter
1592 3805 1771 3897 colendis,
1797 3811 1834 3887 S.
1849 3812 1895 3888 D,

252 4000 677 4078 nmmppddsppgepepp&
713 4000 782 4058 cod·
797 3997 882 4055 0025·
897 3997 956 4056 180⁸
972 4015 1011 4070 ep·
1024 3996 1083 4053 154·
1220 3945 1381 4027 illustros
1405 3945 1563 4018 Domini.
1623 3942 1676 4013 Ne
1711 3943 1785 4015 fieri
1819 3945 1962 4038 qllitlt‘m
1998 3962 2134 4041 polest,
2163 3954 2207 4025 ui·

1221 4054 1376 4142 exempla
1400 4047 1550 4134 insignia
1570 4045 1683 4112 literis
1704 4046 1918 4117 mandentur
1939 4050 2079 4123 omnia.
2131 4042 2206 4123 Sed

185 4159 411 4238 Clarissimo
440 4159 534 4248 viro,
579 4156 728 4253 ingenio
761 4166 794 4227 et
827 4150 1030 4225 eruditione
1059 4175 1170 4250 prae·
1223 4174 1340 4228 tassseu
1355 4151 1465 4219 multa
1484 4145 1633 4215 describi
1650 4145 1893 4230 Densa-oluit,
1916 4162 1953 4217 ut
1972 4142 2207 4242 posteritas'et'

211 4265 346 4352 stanti,
380 4261 434 4340 D.
460 4258 641 4333 Ioanni
664 4254 894 4352 Stigelio,
927 4255 1055 4356 fratri
1078 4278 1146 4324 sao
1223 4254 1421 4330 testimonia
1444 4253 1487 4317 «le
1508 4246 1603 4330 Deo,
1634 4260 1669 4316 et
1690 4250 2043 4327 cornmonelactitnes
2067 4248 2204 4339 habeat,

554 4361 683 4436 caris.
716 4360 754 4433 S.
768 4361 814 4435 D.
1223 4363 1267 4430 de
1284 4352 1489 4425 discrimine
1505 4350 1677 4419 virtutum
1703 4361 1737 4416 et
1758 4347 1947 4431 vitiorum,
1974 4355 2018 4420 de
2042 4348 2207 4445 praemiii

1223 4475 1257 4532 et
1274 4463 1317 4529 de
1334 4453 1467 4547 poenis.
1516 4447 1579 4520 Est
1599 4461 1715 4518 autem
1739 4462 1853 4519 vestra
1876 4450 2010 4522 familia
2028 4452 2228 4529 'celebrata'-

1223 4564 1262 4633 in
1284 4561 1345 4629 illa
1371 4548 1609 4647 pulcherrima
1632 4549 1873 4640 expeditione,
1900 4564 2067 4647 tauquam
2092 4552 2207 4647 drgo-¹
2241 4550 2247 4595 ·.

1223 4662 1385 4743 nautica,
1417 4679 1505 4751 quae
1529 4662 1689 4742 suscepta
1710 4652 1756 4721 ad
1776 4654 2077 4742 recuperationem
2093 4644 2208 4728 teriae

1223 4764 1439 4842 Palestinae,
1465 4750 1534 4824 hoc
1550 4767 1619 4840 est,
1643 4754 1689 4822 ad
1704 4752 1957 4845 repressionem
1977 4756 2208 4830 barbararum

188 4505 339 4594 clariss.
356 4516 459 4586 viret
474 4514 590 4588 cariss.
605 4514 725 4586 frater.
762 4507 979 4599 Coniugium
995 4501 1172 4577 humanae

188 4620 310 4691 divina
342 4615 533 4688 Academia
565 4614 658 4686 vitae
689 4623 761 4698 est,
790 4610 895 4682 utin
923 4623 984 4680 tuo
1016 4606 1172 4677 carmine

190 4722 361 4813 scriptum
381 4731 444 4788 est.
493 4712 584 4787 Nam
601 4729 636 4786 et
649 4710 941 4784 commonefactio
963 4724 1015 4781 est
1036 4711 1080 4779 de
1095 4708 1170 4779 Deo

188 4820 453 4914 multipliciter,
471 4830 506 4888 ct
522 4815 726 4887 exercitium
745 4826 796 4883 est
811 4812 972 4883 omnium
989 4811 1172 4882 virtutum.

191 4924 385 4995 Testantur
399 4933 511 4989 metae
532 4917 709 5008 coniugii,
731 4911 847 4985 Deum
869 4927 1022 4984 mentem
1043 4924 1172 4981 castam
1224 4931 1418 4950 -··-·····

192 5049 276 5098 esse.
327 5020 374 5093 Et
388 5016 457 5092 hoc
472 5021 589 5111 ipsum
608 5020 734 5088 foedus
751 5014 975 5106 praecipuum
991 5012 1174 5082 vinculum
1254 5029 1288 5096 t)
1306 5017 1565 5090 &cundasnopstn
1587 5015 1670 5086 igitur
1687 5013 1997 5083 eetetmitssigettns,
2016 4976 2211 5084 primariis.
2253 5000 2258 5015 '

194 5141 246 5196 est
260 5125 445 5196 universae
460 5119 733 5192 consociationis
745 5112 947 5200 hominum,
961 5129 997 5186 et
1011 5135 1175 5206 praesen-
1292 5094 1493 5232 ssffiffif
1506 5082 1768 5221 ‘'mmm-‘'fg''
1780 5082 2215 5219 ‘geffgssi'3'2'jlfpbffiff’ffiss
2244 5188 2247 5193 Ι

196 5267 413 5285 ..--..--
1295 5226 1365 5299 iugis
1384 5223 1498 5345 prioris,
1515 5219 1639 5343 scripsits
1658 5216 1757 5289 legiter
1769 5218 1799 5271 in
1811 5217 1926 5343 Scriptis
1947 5218 2060 5293 publicis
2074 5219 2215 5293 Vitelserss.

230 5334 260 5400 ¹¹)
279 5333 400 5391 Carneadi
415 5334 530 5403 Boleti,
548 5333 653 5390 habitae
667 5329 813 5389 d.s.N0v.
850 5329 914 5386 Vid.
930 5324 1178 5398 libquaeslacsd.
1296 5294 1328 5350 Τ·
1343 5294 1376 5348 ¹¹·
1402 5294 1431 5346 ἢ·
1448 5288 1529 5391 ms
1543 5296 1611 5387 ⁹⁰⁸⁸.
1636 5288 1690 5340 lem
1702 5286 1747 5341 22·
1757 5285 1850 5360 April.
1884 5290 1943 5343 566.

216 5429 217 5432 ’
262 5418 290 5472 P·
299 5402 362 5460 ¹¹⁴⁹·
1263 5380 1397 5451 ηὓιιιι.
1414 5376 1558 5432 mendose:
1571 5381 1670 5429 strom.

198 5482 377 5546 utrisne.
392 5482 497 5547 Orsa.
512 5483 594 5548 Vos.
609 5477 700 5547 Vlll·
1699 5440 1750 5518 ⁶8
