4776 6024
146 153 224 234 σω
728 134 1167 219 uersronauuu
1215 112 1434 226 ntoxn
1485 138 1619 225 roes.
2113 155 2205 232 ms·

103 373 107 379 ·
150 323 219 401 No.
232 321 349 401 5916.
533 316 540 325 ’
1000 314 1144 390 so.1an·
1194 313 1350 412 Spiritus
1365 329 1518 403 sanctm,
1532 317 1725 393 nisisimul
1739 318 1924 398 cieibiot
1973 296 2195 424 oesiptorol·
2263 348 2270 357 ’

1006 412 1143 444 m

1193 444 1314 513 μενος.
1351 413 1623 493 EtDoroodus
1638 422 1704 494 ait:
1727 420 1811 495 Non
1824 426 1929 501 datur
1947 471 1948 474 =
1964 429 2095 521 piritus
2108 455 2196 503 san·
2265 459 2268 463 ·

466 514 536 604 10·
568 513 824 602 Praetoria
1194 537 1290 609 ctus,
1315 520 1386 591 nisi
1401 521 1510 592 simul
1524 521 1632 594 misso
1646 521 1755 601 Filio.
1801 524 1916 600 Valde
1930 542 2049 602 autem
2064 544 2101 604 te
2117 557 2198 620 oro,

1195 639 1236 697 ut
1251 638 1449 696 vestrorum
1465 623 1645 695 iudicium
1655 640 1690 698 ct
1705 639 1838 698 vestras
1851 629 2083 722 cogitationes
2099 631 2198 707 mihi

1196 725 1381 815 significes.
1447 719 1637 824 Staphyla
1669 730 1878 820 responderi
1912 735 2118 807 curabimus
2133 731 2200 830 ⁴).

172 856 384 936 [oham
408 852 679 936 Praetorio,
712 849 855 924 domn·
879 846 1130 944 &angelium
1196 825 1389 898 Benevola
1410 839 1444 896 et
1465 827 1639 911 rescribe,
1665 852 1711 899 an
1737 823 2031 925 hancepistolam
2049 861 2201 932 accepe-

521 954 791 1032 Vmgislmag
1198 928 1258 998 ris.
1308 926 1468 1000 Salutem
1495 926 1543 1000 R.
1559 926 1605 999 D.
1622 924 1806 1018 Musaeo,
1837 928 2005 1024 Adam,
2037 953 2074 1013 et
2090 942 2202 1016 vohi,

159 1091 209 1183 S.
232 1113 278 1185 D.
314 1110 526 1180 Venerande
543 1108 612 1191 vir,
637 1120 671 1177 et
686 1099 890 1175 charissime
904 1104 1022 1175 irater.
1055 1095 1150 1172 Mihi
1198 1032 1365 1101 ommbm
1382 1041 1479 1120 opto·
1529 1027 1675 1106 Dlezo.
1694 1031 1864 1110 lanum·
1943 1138 2149 1238 Philippus.

160 1217 282 1296 crede,
309 1211 542 1283 libentissime
565 1209 633 1281 tibi
655 1208 852 1298 respondeo
867 1209 911 1276 de
932 1203 1150 1300 quaestione,
1278 1256 1283 1261 .

161 1321 206 1388 de
228 1314 386 1410 quoiam
409 1313 465 1382 bis
486 1312 531 1381 ad
555 1335 610 1381 me
633 1308 813 1400 scripsisti.
864 1306 935 1379 Sed
953 1305 1074 1376 malim
1090 1330 1151 1374 co·
1248 1357 2202 1381 ...ΗΜ-Μ*

163 1443 240 1491 ram
267 1438 369 1507 saepe
394 1428 429 1485 et
454 1412 591 1505 prolixe
622 1411 804 1480 vobiscum
831 1423 866 1481 et
896 1433 975 1478 cum
1002 1407 1082 1477 aliis
1109 1407 1152 1475 dc
1312 1471 1315 1477 ,
2069 1424 2072 1428 ·

164 1520 288 1592 eadem
310 1541 365 1601 re,
388 1530 424 1585 ct
437 1514 516 1583 aliis
531 1512 673 1583 dulciss.
688 1511 846 1581 materiis
862 1508 1030 1603 colloqui.
1080 1505 1153 1576 Po·
1214 1496 1282 1569 No.
1297 1494 1413 1570 6917.
2036 1524 2097 1589 22
2117 1515 2189 1582 gan·

38 1686 69 1707 ,f
164 1621 272 1717 pulns
286 1618 499 1708 imaginatur
513 1606 646 1682 Filium
657 1609 727 1680 Dei
742 1623 879 1681 tantum
895 1613 1152 1700 redemptorem
1570 1682 1579 1704 ·
2025 1607 2207 1638 Μ

167 1745 261 1806 esse,
286 1732 320 1789 et
332 1730 450 1810 postea
466 1715 622 1784 ociosum
635 1734 708 1781 esse
726 1723 821 1780 extra
838 1735 915 1781 nos.
948 1708 1050 1780 Hanc
1067 1709 1155 1778 ima·
1406 1677 1577 1769 Imm
1605 1680 1802 1779 Alberlo
1832 1685 1898 1777 Ι).
1920 1689 1989 1779 M.

167 1823 387 1917 ginationem
403 1817 482 1887 tolli
498 1815 590 1885 volo.
630 1809 678 1881 Et
693 1837 772 1882 curn
787 1813 923 1898 dicunt,
947 1832 1053 1903 opera
1070 1808 1155 1879 Tri·
1273 1835 1547 1926 phegurowpgo
1566 1841 1752 1900 Memmi,
1776 1843 1807 1902 g„
1826 1848 1953 1909 mum·
1975 1853 2078 1913 sm·
2097 1858 2204 1916 swi-

167 1924 289 1996 nitatis
316 1921 361 1991 ad
384 1931 478 1987 extra
504 1927 588 1984 sunt
608 1912 832 1998 communia,
862 1937 907 1983 ne
929 1909 996 1982 hoc
1011 1912 1156 2005 quidem
1309 1923 1405 1977 neure,
1422 1908 1677 1985 tescnptsperct.
1688 1913 1798 1989 Euan,
1817 1919 1944 1981 tabularii
1962 1922 2038 1980 ittim
2049 1929 2203 2001 praetacto.
2275 1954 2278 1959 ·

168 2026 252 2098 satis
267 2036 329 2094 est.
380 2018 494 2088 Filius
510 2011 531 2086 ὃ
545 2007 653 2112 λόγος
665 2005 919 2109 ὑφιστάμενος
938 2013 1072 2084 aeterni
1088 2011 1157 2082 Pa·
1206 2056 1476 2135 amarissimo
1489 2060 1659 2164 principl-
1672 2078 1704 2140 e,
1719 2068 1898 2164 Domino,
1923 2074 2093 2161 Domino
2118 2084 2206 2162 lo·

168 2128 253 2210 mi
277 2122 432 2194 mittitur
449 2117 616 2188 affinitio
638 2115 901 2234 immediatead
922 2116 1156 2204 effingendam
1207 2159 1361 2235 hanni
1383 2162 1577 2240 Albcrlo
1603 2169 1708 2245 Jtrrcr‘
1723 2171 2041 2274 Metallureemr·
2084 2181 2205 2263 Prin-

169 2225 385 2305 Ecclesiam,
417 2222 553 2312 profert
578 2239 848 2309 promissionem
871 2211 964 2287 hanc
984 2226 1086 2287 sonat
1102 2216 1158 2285 fo-
1234 2266 1242 2284 .
2048 2240 2059 2271 ,

1208 2266 1282 2365 erpi
1295 2275 1454 2339 vetustae
1466 2270 1588 2367 gentis
1595 2270 1769 2364 Henetus,
1793 2279 1956 2369 Suoim‘,
1972 2280 2207 2366 Rostoclse'ae

1514 2382 1546 2444 et
1563 2371 1814 2471 Storgordioe
1831 2390 1892 2455 etc.

1417 2470 1590 2547 Domino
1610 2500 1679 2550 suo
1704 2477 1993 2564 clementissimo.

253 703 342 778 Epist.
358 701 407 759 lils.
424 700 459 757 V.
477 718 504 773 p.
520 698 571 755 142
582 717 644 773 sqq.
667 685 675 699 ’

170 2330 232 2413 ris,
257 2340 293 2397 et
305 2325 411 2394 simul
430 2322 504 2414 ipse
519 2344 599 2390 cum
616 2319 723 2388 verbo
741 2319 854 2388 vocali
872 2319 911 2388 in
926 2331 1044 2388 mente
1058 2314 1159 2388 Adae

173 2446 209 2504 et
230 2427 352 2498 Herae
375 2422 530 2494 ostendit
552 2419 712 2504 Patrem,
744 2419 872 2504 idest,
902 2414 967 2489 hac
981 2421 1059 2490 luce
1078 2442 1160 2509 per-

171 2531 295 2604 fundit
313 2539 481 2598 mentem.
542 2519 592 2594 Ut
620 2543 724 2590 sensu
749 2533 935 2610 agnoscat,
965 2516 1058 2591 hanc
1088 2542 1160 2589 esse

173 2634 393 2704 voluntatem
409 2625 542 2696 aeterni
559 2621 694 2703 Patris,
721 2636 756 2692 et
776 2623 826 2692 sic
845 2622 950 2692 simul
966 2622 1160 2714 peripsum
1210 2606 1262 2697 S·
1287 2621 1333 2696 D.
1390 2620 1632 2697 Illustrissime
1659 2641 1694 2699 et
1714 2625 1995 2707 Clementissime
2017 2636 2207 2739 Princeps.

171 2732 306 2806 Filium
322 2731 360 2798 in
376 2741 494 2799 mente
510 2736 745 2818 praesentem,
770 2723 809 2796 lit
822 2724 1023 2803 vivificatio,
1049 2735 1084 2793 ct
1099 2724 1162 2794 da-
1210 2724 1312 2812 Scio,
1335 2721 1593 2805 Celsitudinem
1611 2724 1774 2801 Vestram
1797 2748 1833 2804 et
1847 2737 2023 2827 sapienter
2039 2744 2086 2813 de
2102 2746 2210 2838 inge·

173 2849 234 2909 tur
248 2832 402 2925 Spiritus
417 2828 567 2901 Sanctus
583 2826 621 2896 in
636 2849 715 2905 cor,
740 2826 909 2897 laetitiam
930 2840 963 2897 et
985 2825 1071 2896 alios
1084 2824 1162 2918 pios
1212 2828 1281 2898 niis
1297 2826 1473 2911 iudicare,
1496 2840 1530 2899 et
1545 2829 1691 2922 proprio
1711 2832 1848 2937 iudicio
1858 2831 2098 2914 Tilemorrum
2119 2865 2211 2940 pen.

173 2950 291 3007 motus
311 2933 516 3003 accendens.
564 2924 612 2997 Et
633 2921 721 2996 hacc
744 2939 854 3016 agunt
868 2925 982 2998 Filius
996 2939 1033 2997 et
1046 2925 1164 3017 Spiri-
1213 2941 1290 3021 pter
1311 2930 1466 3022 optimos
1488 2953 1625 3018 mores,
1649 2935 1906 3029 eruditionem,
1931 2955 1967 3013 et
1989 2936 2210 3030 iudust‘tia'm

176 3052 234 3110 tus
255 3035 426 3116 Sanctus,
454 3041 653 3122 praesentes
679 3040 713 3096 ct
739 3027 961 3122 immediate,
993 3042 1163 3119 peraeae,
1213 3030 1410 3122 complecti.
1454 3029 1574 3120 Quare
1589 3055 1664 3104 non
1680 3054 1955 3114 necesseestme
1970 3047 2015 3117 de
2031 3071 2073 3118 eo
2091 3055 2211 3125 mulsa

176 3138 238 3209 sed
253 3158 328 3203 non
345 3157 365 3200 a
384 3154 475 3215 sese,
501 3130 608 3197 simul
625 3126 720 3196 enim
736 3127 787 3196 ibi
802 3126 907 3198 Pater
921 3141 984 3201 est.
1034 3124 1165 3199 EtPa-
1212 3129 1376 3206 scribere.
1426 3128 1496 3202 Sed
1529 3145 1648 3203 tamen
1674 3159 1792 3206 meum
1821 3143 1867 3211 de
1892 3167 1934 3214 eo
1959 3151 2209 3224 testimonium

176 3254 232 3311 ter
248 3249 281 3305 et
300 3234 415 3304 Filius
431 3232 567 3322 spirant
580 3228 755 3322 Spiritum
769 3227 937 3299 Sanctum
954 3230 993 3298 in
1009 3253 1082 3316 cor,
1103 3227 1163 3297 sed
1213 3255 1317 3324 spero
1333 3229 1546 3304 Celsitudini
1561 3249 1698 3324 vestrae
1716 3262 1789 3309 non
1808 3241 1984 3334 ingratum
2006 3252 2091 3323 sore.
2142 3254 2208 3325 Sic

175 3334 245 3409 boc
265 3336 400 3407 ordine.
451 3330 548 3402 llaec
572 3344 657 3400 nota
677 3329 767 3399 liunt
785 3329 824 3398 in
840 3353 920 3400 vera
941 3330 1166 3422 experientia,
1215 3334 1305 3405 vivit
1330 3334 1370 3403 in
1396 3330 1588 3409 Academia
1616 3351 1657 3429 ut
1686 3352 1720 3410 et
1746 3365 1886 3414 morum
1913 3350 2092 3441 integritas
2118 3356 2204 3424 aliis

176 3441 217 3512 in
238 3436 371 3508 illustri
394 3433 650 3506 consolatione.
715 3429 775 3502 Sic
798 3433 945 3503 dicitur:
981 3432 1165 3502 veniemus
1215 3436 1411 3528 exemplum
1434 3435 1481 3509 sit
1494 3435 1655 3524 v'ututis,
1679 3454 1715 3512 et
1731 3443 1807 3517 eius
1822 3470 1929 3537 opera
1952 3468 2077 3523 ornent
2097 3466 2208 3543 artes,

176 3544 223 3614 ad
238 3565 338 3624 eum,
363 3550 398 3607 et
410 3535 629 3605 mansionem
645 3532 738 3622 apud
758 3530 1030 3623 eumfaciemus.
1069 3532 1165 3603 Haec
1216 3549 1251 3607 et
1271 3537 1482 3608 discentium
1503 3540 1621 3609 studia
1642 3539 1776 3618 iuvent.
1821 3542 1927 3621 Talis
1953 3553 2008 3623 vir
2025 3569 2114 3628 certe
2137 3583 2211 3648 pu.

177 3643 265 3715 ioris
280 3633 493 3709 inchoantur
506 3659 569 3729 per
583 3635 731 3704 verbum
746 3635 878 3709 vocale.
919 3633 1002 3706 ldeo
1018 3635 1165 3706 dicitur:
1217 3639 1348 3708 blicum
1364 3641 1499 3709 bonum
1512 3653 1574 3724 est,
1595 3653 1629 3712 et
1643 3643 1771 3732 dignus
1786 3650 1984 3738 sapientum
2001 3658 2213 3750 principum

178 3744 207 3817 si
221 3743 300 3838 quis
318 3740 434 3831 diligit
447 3762 515 3822 me,
538 3727 868 3805 sermonem'nieum
884 3737 1048 3822 servabit,
1070 3738 1166 3838 quod
1217 3739 1474 3815 benevolentia.
1531 3735 1610 3811 Oro
1638 3742 1747 3833 igitur
1770 3744 2024 3825 Celsitudinem
2055 3776 2215 3831 vestram

177 3841 332 3918 Ebraico
358 3865 456 3911 more
480 3839 627 3917 dicitur,
652 3860 795 3907 servans
814 3847 1012 3908 sermonem
1035 3861 1168 3923 meum,
1217 3854 1257 3911 ut
1274 3855 1308 3911 et
1323 3857 1466 3934 propter
1479 3841 1635 3941 ipsarum
1651 3848 1781 3927 artium
1796 3875 1883 3945 quas
1900 3855 2071 3941 illustrat,
2098 3863 2216 3932 boni-

178 3947 296 4038 diligit
309 3969 377 4013 me.
417 3940 593 4014 Usitatum
612 3951 663 4030 est
679 3937 775 4006 enim
788 3934 938 4008 Ebracis
953 3952 1167 4030 anteponere
1218 3955 1346 4027 tatem,
1372 3967 1454 4013 enm
1470 3966 1598 4015 ornare
1612 3968 1686 4016 non
1702 3950 1849 4022 desinat.

178 4048 390 4142 praedicata.
440 4042 548 4114 Hunc
569 4039 731 4109 ordinem
755 4038 903 4109 actionis
919 4040 1061 4110 divinae
1081 4065 1168 4110 con·
1318 4057 1591 4153 Rempublicam
1623 4068 1858 4153 germanicam
1888 4073 1961 4145 scio
1993 4072 2218 4153 Celsitudini

179 4149 391 4230 siderantes‚
422 4164 651 4234 agnoscamus
667 4139 799 4210 Filium
817 4138 902 4225 Dei,
927 4166 1001 4210 non
1025 4166 1066 4211 eo
1087 4154 1168 4211 tan·
1219 4174 1487 4233 vestraenotam
1504 4184 1588 4236 esse.
1640 4164 1710 4236 Sed
1727 4181 1843 4240 tamen
1859 4166 1945 4258 hacc
1966 4201 2088 4250 recens
2104 4186 2218 4259 nobis

178 4264 257 4325 rum
272 4247 480 4317 salvatorem
496 4243 688 4336 essequod
705 4241 750 4311 sit
764 4245 976 4332 redemptor,
992 4267 1056 4312 nec
1072 4256 1168 4334 post·
1218 4263 1430 4354 significata,
1456 4264 1688 4347 adscribenda
1706 4292 1779 4339 esse
1795 4276 1927 4350 censui.
1964 4273 2109 4352 Turres
2125 4309 2219 4377 pro·

181 4376 221 4423 ea
244 4350 403 4419 ociosum
424 4370 514 4426 esse,
542 4347 603 4414 scd
617 4369 753 4436 semper
773 4345 808 4412 in
822 4341 976 4414 Ecclesia
995 4345 1166 4415 efficacem
1220 4368 1341 4435 cedere
1364 4364 1403 4433 in
1425 4363 1613 4436 Pannonia
1635 4381 1670 4439 et
1691 4367 1967 4468 Transsylvania
1987 4399 2124 4454 certum
2148 4403 2220 4474 est,

180 4477 274 4536 esse,
297 4449 464 4536 colligere
479 4444 690 4527 Ecclesiam,
716 4447 834 4515 adesse
851 4446 1047 4516 ministerio
1057 4438 1107 4539 l),
1134 4460 1170 4516 el
1221 4467 1420 4537 et‘subindc
1436 4490 1607 4558 occupare
1622 4469 1741 4560 plures
1761 4497 1858 4545 arces
1875 4492 1912 4550 et
1927 4483 2057 4574 oppida
2073 4502 2221 4560 certum

75 4614 83 4628 .
164 4549 287 4625 ¹simul
312 4551 486 4622 efficacem
511 4569 583 4616 csse
608 4548 646 4613 in
669 4546 826 4632 Sanctis,
856 4548 945 4620 sicut
964 4547 1095 4621 Paulus
1111 4549 1170 4618 in·
1221 4581 1289 4654 0⁵13
1316 4569 1484 4639 scribitur
1508 4569 1613 4638 ctiam
1636 4575 1802 4644 mandata
1826 4579 1930 4650 missa
1954 4606 2045 4670 esse,
2076 4603 2120 4665 ut
2146 4615 2219 4679 pro

180 4655 260 4753 quit
276 4657 317 4723 ,d
336 4647 528 4747 Ephesios:
555 4641 618 4717 καὶ
632 4643 749 4718 αὐτὸν
765 4643 878 4721 ἔδωκε
893 4645 1059 4755 κεφαλὴν
1075 4643 1170 4746 outo
1222 4667 1349 4759 viginti
1368 4671 1528 4739 millibus
1543 4666 1728 4764 Equorum
1752 4678 1890 4750 stabula
1905 4698 2114 4760 extruantur
2127 4685 2224 4763 Bu·

178 4751 305 4830 3¹ng
318 4760 363 4847 τῇ
379 4744 566 4844 ἐκκλησία,
586 4743 680 4840 ἥτις
694 4743 778 4842 aare}
794 4747 836 4821 τὸ
853 4757 961 4845 σῶμα
977 4749 1107 4836 αὐτοῦ,
1126 4747 1169 4822 τὸ
1224 4766 1311 4855 dae,
1336 4786 1371 4842 er
1389 4769 1538 4839 totidem
1565 4774 1603 4839 in
1621 4768 1721 4843 Alba
1737 4770 1891 4870 Regali.
1942 4784 2025 4856 Non
2042 4791 2220 4866 desinunt

181 4852 363 4952 πλήρωμα
384 4860 452 4925 τοῦ
476 4845 601 4923 πάντα
624 4850 664 4920 ἐν
679 4855 768 4920 πᾶσι
789 4849 1058 4946 πληρουμένου.
1111 4850 1170 4921 Sic
1223 4872 1337 4941 Senex
1361 4865 1566 4940 Palatinus
1583 4870 1608 4968 ¹)
1639 4889 1674 4946 et
1697 4874 1777 4947 Dux
1802 4876 2120 4982 Wirteb'ergensis
2147 4896 2221 4965 lla-

181 4957 409 5052 ipseinquit:
437 4952 512 5043 Ego
535 4955 572 5020 in
595 4953 655 5023 eis.
709 4952 804 5021 llaec
829 4980 902 5023 non
919 4953 1045 5023 dubito
1061 4953 1172 5020 veris-
1223 4973 1351 5062 gum-e,
1377 4986 1418 5043 ut
1438 4971 1606 5067 synodus
1626 4992 1826 5050 nostrarum
1851 4981 2090 5063 Ecclesiarum
2117 4997 2221 5067 indi-

178 5065 268 5133 sima
293 5081 375 5129 esse.
428 5055 486 5126 Sic
505 5048 741 5124 Athanasius
757 5055 886 5148 inquit.
940 5052 983 5123 ln
1003 5053 1103 5137 nullo
1122 5068 1173 5123 est
1883 5099 1886 5103 f

1224 5128 1445 5144 m—

183 5213 407 5232 *ὦ

1255 5219 1283 5288 ¹)
1308 5215 1368 5273 vid.
1388 5237 1431 5290 ep.
1450 5219 1477 5273 d.
1495 5219 1521 5275 2.
1539 5221 1597 5277 Ian.
1617 5223 1692 5276 1556.

213 5312 240 5380 s)
258 5308 424 5366 Mundam
442 5299 573 5354 divinam
589 5307 745 5368 naturam,
768 5296 843 5353 addit
860 5296 895 5354 Α.
913 5296 949 5360 D.
1260 5307 1285 5374 l)
1304 5304 1475 5378 Fridcricus,
1492 5306 1540 5378 qui
1557 5307 1625 5364 obiit
1639 5308 1669 5366 d.
1681 5309 1725 5369 26.
1738 5311 1819 5373 Febr.
1836 5315 1912 5374 1556.
