4776 6024
170 192 247 269 219
741 180 1170 259 EPISTULARUM

1224 183 1330 264 ΗΒ.
1362 185 1444 263 Xll.
1500 184 1631 265 165⁴.
2133 196 2213 271 220

105 432 106 436 ,
179 389 281 457 saepe
300 377 332 431 et
357 363 442 430 alios
466 357 517 426 nti
541 355 664 424 iubeo:
689 352 910 451 συμβουλὴν
932 350 1088 456 ἀγαθὴν
1103 348 1167 427 καὶ
1220 356 1359 428 Maiora
1373 360 1520 431 vulnera
1534 361 1680 431 inererat
1703 359 1743 429 in
1759 354 1908 448 Adam,
1933 358 2057 448 Hera,
2081 360 2206 441 Daoi·-

179 459 367 563 ἀφορμὰς,
395 451 568 550 εὐτυχίαν
581 482 620 527 τε
636 451 897 552 συμβουλεύω
916 454 1000 553 ἐμοὶ
1015 453 1082 538 eide
1095 480 1168 529 na-

182 557 418 661 rpdrd'e'dioo.
476 556 585 629 Mitto
609 559 674 629 tibi
699 584 841 630 carmen
866 563 910 631 de
928 561 1007 631 viro
1031 559 1168 651 optimo

184 666 344 762 principe
359 655 521 755 Georgia
534 653 764 748 Anbaltino,
789 687 899 757 mem,
910 676 945 733 et
968 662 1040 733 tuis
1059 660 1171 731 musis

185 766 377 861 aliquando
395 764 567 832 celebrari
583 763 701 839 uelim.
750 762 850 835 Bene
865 779 898 835 et
915 765 1066 835 feliciter
1080 762 1169 834 vale.

182 869 251 942 Die
265 863 506 939 conversionis
521 861 636 936 Pauli.

181 1110 240 1123 *-
970 1106 1161 1119 *0-

1020 1272 1077 1335 80.
1101 1264 1163 1332 lsu.

993 1356 1163 1387 Μ

184 1267 250 1339 No.
267 1262 378 1338 65³⁵.

191 1358 361 1393 w

501 1457 558 1541 Η.
582 1456 791 1541 Writers.

253 1616 337 1692 apen.
358 1616 404 1669 trs.
419 1614 452 1671 u.
471 1632 497 1685 ρ.
511 1612 571 1668 sss.
589 1613 644 1681 aa.
657 1611 747 1666 noua.
768 1608 813 1667 tn.
830 1610 865 1666 u.
883 1630 928 1682 ep.
940 1610 1023 1680 sesa.

362 1766 417 1839 D.
443 1766 731 1862 Hieronymo
764 1762 981 1838 Wellero

183 1914 233 2003 S·
260 1924 305 1999 D.
355 1920 565 1995 Reverendc
587 1920 644 1987 vir
662 1932 697 1989 et
719 1914 922 1987 charissime
941 1921 1065 2002 irater,
1116 1916 1169 1987 De

186 2024 305 2099 clrarta
319 2026 423 2094 missa
438 2038 469 2093 et
487 2020 631 2093 Senatui
648 2034 765 2089 vestro
787 2035 819 2089 et
842 2020 907 2090 tibi
930 2020 1077 2107 gratiam
1106 2014 1168 2087 ba-

186 2124 311 2220 lreo*).
361 2122 430 2193 Sed
453 2122 604 2213 optarim
627 2142 700 2189 esse
726 2114 882 2189 chartam
906 2122 1107 2189 densiorem
1135 2133 1169 2188 et

185 2226 402 2309 brutiorem,
422 2222 562 2314 qualem
580 2235 680 2290 antea
696 2221 770 2289 vidi
788 2222 866 2290 istic
880 2223 1016 2290 iactcmr.
1058 2220 1167 2291 Grata

188 2345 308 2407 tamen
328 2339 378 2395 est
398 2324 454 2415 pia
475 2321 638 2390 voluntas
660 2336 786 2394 vestra.
836 2320 874 2392 si
890 2335 968 2391 tuas
983 2323 1170 2391 conciones

188 2420 397 2525 typographi
413 2419 490 2509 hic,
511 2435 551 2492 ut
566 2433 650 2492 sunt
665 2419 791 2492 insulsi
807 2434 842 2491 et
858 2424 1007 2506 morosi,
1023 2448 1095 2490 non
1111 2448 1170 2492 ex-

187 2531 335 2613 cudent,
365 2524 496 2595 curabo
528 2536 568 2593 ut
590 2514 891 2621 Francosordiue
924 2538 984 2593 ant
1012 2516 1170 2619 Lipsiae

187 2634 348 2702 edantur.
407 2624 515 2695 Mitto
546 2624 699 2713 pagellas
723 2639 897 2707 recentes,
933 2649 1021 2717 qnae
1042 2640 1168 2695 rrtcun·

187 2756 256 2826 qne
270 2744 302 2801 el
317 2722 529 2799 Academiae
552 2724 668 2795 studia
691 2738 727 2794 et
748 2738 887 2794 nostros
909 2728 1050 2794 dolores
1074 2727 1168 2795 indi-

186 2847 278 2907 cant.
328 2826 426 2897 Bene
452 2827 538 2899 vale.
589 2824 656 2895 Dic
680 2824 928 2901 50.lauuarii.
982 2828 1083 2896 'l'uus
1110 2853 1170 2897 co-

183 2947 312 3025 gnatus
327 2930 430 3000 nobis
447 2949 551 2997 curae
568 2926 646 2996 erit.

938 3148 1164 3163 m

184 3331 250 3401 No.
279 3324 391 3404 6586.

185 3424 384 3457 Μ
1002 3418 1172 3445 m

496 3508 560 3593 10.
590 3508 852 3593 Motibesia.

251 3665 337 3738 apia.
353 3665 401 3719 us.
418 3662 449 3720 u.
468 3683 494 3736 ρ.
514 3664 571 3718 roe.
586 3664 641 3732 (sa.
657 3659 745 3719 sona.
760 3661 806 3717 aa.
821 3661 856 3717 n.
872 3682 914 3733 ep.
931 3662 997 3729 aa).
1062 3652 1065 3656 ’

369 3813 424 3885 Ι).
452 3809 669 3883 Iohanni
692 3807 966 3883 Mattbesio
1040 3826 1043 3841 '

184 3954 232 4039 S·
250 3968 294 4041 l).
345 3962 556 4037 Reverende
574 3965 629 4030 uir
644 3976 675 4029 ct
693 3957 896 4031 charissime.
911 3966 1035 4045 frater,
1059 3964 1170 4056 Saepe

183 4071 218 4135 ia
236 4069 440 4137 Precatioue
456 4070 587 4135 demea
602 4064 673 4132 lilia
691 4065 727 4132 iu
752 4065 888 4148 aragois
911 4064 1093 4133 doloribus
1111 4093 1170 4135 co·

1222 452 1278 544 de,
1313 475 1460 556 propter
1480 462 1636 532 liliorum
1661 463 1779 534 tristes
1797 487 1915 547 casus,
1943 464 2073 555 cogites
2101 470 2208 541 etiam

1221 554 1380 630 Mariae
1402 563 1553 638 dolores.
1602 561 1720 635 Tuam
1742 565 1952 635 concionem
1966 567 2065 637 brevi
2090 572 2209 659 edam,

1222 687 1261 731 ac
1283 664 1434 733 intexam
1449 666 1646 735 doctrinam
1669 667 1714 737 de
1728 666 2052 755 consolationibus,
2075 686 2110 743 et
2130 674 2209 745 dis-

1221 763 1367 835 crimine
1384 760 1717 858 Plrilosopbicarnm
1731 768 2016 839 consolationum
2030 783 2065 841 et
2078 768 2204 845 Evau-

1221 864 1422 954 gelicarum.
1479 864 1586 938 Mitto
1609 868 1761 959 pagellas
1782 882 1818 939 et
1838 870 1978 941 mittam
2001 872 2103 942 brevi
2125 876 2210 967 plu·

1222 988 1287 1034 res.
1333 962 1507 1059 Exempla
1523 969 1629 1038 etiam
1645 985 1726 1040 tuae
1741 972 1933 1045 concionis.
1980 971 2113 1045 Versus
2125 973 2211 1073 napi

1220 1062 1455 1165 papyapidoe
1476 1064 1566 1139 mihi
1586 1087 1691 1139 curae
1706 1085 1823 1146 eruut.
1872 1070 1971 1144 Bene
1984 1076 2075 1148 vale.
2126 1074 2208 1148 Pri-

1222 1168 1280 1238 die
1301 1165 1475 1239 Calendas
1500 1168 1697 1245 Februarii.
1745 1169 1904 1244 Salutem
1926 1187 2011 1266 opto
2035 1164 2209 1274 Casparo

1222 1282 1258 1339 et
1273 1269 1375 1339 vobis
1391 1270 1571 1345 omnibus.

1232 1506 1682 1521 mm·

1234 1651 1301 1724 No.
1317 1650 1430 1727 6687.

1233 1749 1444 1803 Ψ»

1549 1850 1604 1939 P.
1628 1852 1882 1939 Vincentio.

1322 2005 1345 2072 †
1365 2004 1402 2058 Er
1417 2024 1511 2077 apogr.
1527 2008 1557 2063 its
1569 2007 1632 2065 eod.
1647 2008 1731 2066 Paris.
1746 2010 1780 2067 Ι).
1792 2010 1824 2064 b·
1840 2014 1871 2065 51
1881 2019 1905 2066 ⁸.

1262 2154 1400 2231 Petro
1430 2158 1476 2235 V
1475 2163 1491 2232 i
1498 2164 1658 2235 neenti
1664 2188 1686 2237 o
1710 2163 1962 2262 (gubernanti
1986 2170 2165 2247 Scholum

1554 2258 1892 2367 Ludecensensem).

1221 2397 1268 2483 S·
1297 2411 1341 2484 D.
1391 2408 1594 2484 Clarissimo
1609 2416 1665 2485 vir
1679 2430 1715 2487 et
1731 2419 1849 2490 eariss.
1860 2422 1980 2499 frater.
2006 2424 2071 2498 Est
2088 2434 2207 2501 ornai-

1222 2538 1268 2582 no
1293 2513 1465 2583 excellens
1489 2516 1526 2583 in
1550 2510 1712 2611 Birgero
1728 2512 1772 2615 ⁸)
1798 2536 1923 2593 natura
1950 2541 1985 2596 et
2008 2529 2141 2615 virtus,
2173 2551 2207 2606 et

1222 2609 1313 2684 banc
1337 2617 1478 2687 ornarit
1501 2618 1715 2688 eruditione:
1740 2646 1850 2714 quare
1865 2648 1945 2695 eum
1961 2628 2063 2701 valde
2084 2635 2207 2725 diligo,

1222 2729 1256 2785 et
1276 2738 1397 2806 spero,
1434 2714 1612 2788 Ecclesiae
1635 2735 1669 2790 et
1691 2719 1925 2813 Reipublicae
1945 2732 2023 2800 usui
2044 2734 2204 2807 futurum

1222 2840 1305 2888 esse.
1356 2813 1434 2886 Etsi
1449 2819 1545 2887 enim
1558 2842 1725 2911 magnum
1740 2824 1871 2896 vulnus
1894 2826 1983 2899 milri
1998 2857 2137 2929 quoque
2152 2842 2206 2908 te-

1223 2917 1270 2987 cit
1286 2917 1361 2986 eius
1373 2918 1570 3004 calamitas,
1595 2935 1730 3008 umen,
1751 2949 1831 2995 curu
1854 2929 1954 3000 Deus
1980 2958 2063 3005 eum
2088 2942 2205 3010 mani-

1221 3020 1308 3089 feste
1327 3020 1534 3105 servaverit,
1557 3044 1660 3112 spero
1675 3026 1783 3096 vitam
1800 3030 1873 3099 eius
1890 3045 2008 3103 tamen
2027 3036 2206 3113 Ecclesiae

1222 3118 1347 3189 utilem
1367 3120 1454 3191 sore,
1505 3118 1613 3193 Miles
1628 3149 1703 3194 uon
1718 3126 1875 3201 irritatus
1891 3134 1936 3202 ab
1958 3136 2037 3229 ipso
2053 3142 2205 3215 fulmina

1222 3220 1408 3309 globorum
1431 3221 1470 3289 in
1492 3247 1572 3293 euru
1587 3224 1777 3300 eiaculatus
1796 3247 1862 3316 est,
1887 3239 2017 3327 quibus
2040 3243 2088 3311 ita
2109 3246 2204 3316 laesa

1222 3334 1306 3391 sunt
1321 3320 1454 3393 sinistri
1473 3319 1610 3395 brachii
1626 3350 1723 3414 ossa,
1738 3345 1777 3400 ut
1795 3337 1947 3421 praecidi
1965 3356 2097 3428 partem
2115 3348 2201 3414 bra-

1197 3444 1201 3455 ·
1223 3417 1293 3493 chii
1309 3425 1518 3513 oportuerit.
1570 3422 1648 3497 Oro
1664 3430 1776 3501 filiurn
1794 3432 1878 3522 Dei,
1902 3451 1941 3508 ut
1957 3440 2064 3513 leniat
2077 3449 2201 3535 publi-

1224 3547 1281 3593 cas
1297 3537 1329 3592 et
1346 3523 1502 3612 privatas
1515 3527 1738 3602 calamitates.

1323 3620 1378 3693 De
1390 3625 1462 3697 lilio
1476 3625 1522 3698 D.
1533 3623 1732 3701 Valentini
1743 3636 1859 3707 scribo
1877 3643 1921 3710 sd
1937 3655 2081 3732 patrem.
2129 3647 2205 3719 Na-

1223 3739 1302 3796 tura
1324 3726 1420 3795 bona
1449 3742 1520 3811 est,
1551 3743 1587 3801 et
1609 3744 1703 3802 recte
1723 3734 1827 3807 discit
1850 3743 2003 3831 optimas
2024 3763 2135 3833 artes,
2170 3768 2206 3824 et-

1223 3827 1448 3899 mediocriter
1467 3853 1610 3901 carmen
1630 3835 1764 3908 scribit.
1825 3838 1865 3911 Si
1890 3858 2021 3933 patrem
2050 3850 2206 3925 offendet

1222 3941 1427 4019 sumptuum
1440 3932 1665 4021 magnitudo,
1695 3936 1778 4011 iecit
1790 3942 1886 4013 enirn
1900 3968 1974 4014 nou
1990 3955 2205 4025 necessarios

1221 4042 1401 4119 sumptus,
1420 4032 1508 4101 utile
1525 4049 1612 4105 esset
1624 4037 1855 4122 adolescenti,
1880 4043 1920 4113 in
1943 4042 2065 4120 schola
2085 4054 2205 4149 aliqua

184 4169 310 4257 giloni,
338 4166 416 4234 ideo
440 4168 581 4234 insitam
606 4191 678 4234 esse
702 4162 864 4262 στόργῂν
887 4181 1071 4254 parentam
1093 4192 1171 4237 cor-
1221 4130 1365 4213 ‘lmen’
1388 4132 1450 4202 ηδ’
1466 4150 1606 4223 mgem
1621 4160 1701 4209 ‘⁰¹¹¹
1717 4142 1820 4211 ⁰ffi⁶¹l
1843 4157 1934 4216 ‘²¹¹⁰
1950 4165 2129 4240 llramale
2147 4180 2205 4227 Μ-

184 4270 306 4349 dibus,
333 4280 371 4336 ut
393 4266 436 4334 sit
454 4267 761 4336 commonefactrix
789 4268 832 4334 de
855 4292 973 4335 errrore
997 4266 1064 4336 Dei
1091 4294 1169 4358 erga
1222 4231 1470 4363 mitatem,
1500 4233 1619 4356 ΜΨ,
1648 4264 1758 4361 nunc,
1785 4244 1941 4367 “llbeff
1979 4276 2066 4373 ⁰⁰¹¹·
2093 4258 2207 4347 Ρθῑΰῖ·

182 4370 313 4440 Filium
330 4381 365 4438 et
383 4390 462 4453 erga
478 4390 552 4435 rros.
604 4367 763 4438 Sentitur
781 4382 897 4437 autem
922 4369 1036 4438 acrius
1052 4371 1090 4438 iu
1105 4375 1169 4439 do·
1221 4329 1362 4419 Quaem
1376 4346 1417 4402 υἱ
1438 4333 1621 4408 l³l⁰¹¹l¹¹¹¹
1642 4343 1961 4423 d⁰l⁰¹¹¹¹¹²dm¹b
2012 4353 2121 4427 Mtllo
2141 4384 2209 4431 vo-

182 4472 328 4540 loribus.
389 4468 474 4537 Ideo
507 4490 579 4535 arou
609 4471 733 4541 dubito
764 4485 799 4539 te
823 4483 855 4538 ct
884 4464 1167 4541 honestissimam
1221 4432 1454 4551 ΜῬῧῧῖῃθδ·
1504 4434 1629 4530 Nul'er
1642 4434 1884 4519 emmim
1906 4454 2041 4541 l’mllss
2062 4482 2204 4529 metum

180 4571 363 4655 coniugem
386 4585 481 4639 tuam
507 4568 544 4634 in
569 4591 697 4655 magno
724 4595 882 4638 moerore
917 4595 991 4639 esse
1024 4586 1169 4661 propter
1220 4534 1264 4601 ὼ
1287 4547 1350 4653 ΨΟ
1371 4539 1571 4658 ¹¹¹R⁰J¹i⁰fl
1592 4544 1735 4661 vllium
1755 4554 2205 4675 Wmliffhfll‘l’au'·

181 4672 282 4741 filioli
301 4668 576 4740 deformitatem:
604 4664 651 4737 Et
671 4670 851 4739 vobiscum
869 4680 949 4739 iere
965 4673 1067 4741 doleo
1085 4696 1164 4763 pro·
1220 4631 1344 4704 ΝΜΟ
1357 4660 1402 4705 ³¹¹
1420 4641 1552 4709 ”dem
1568 4638 1795 4734 'Pnhll’mu
1813 4645 1961 4724 D‘Wldl
1973 4680 2095 4729 mma:
2121 4662 2207 4733 ideo

180 4789 259 4865 pttu
286 4775 414 4844 multas
438 4792 566 4840 causas.
627 4767 698 4840 Sed
721 4770 786 4836 scis
811 4773 1068 4841 moderandum
1096 4797 1170 4843 esse
1218 4737 1417 4905 {lffml'lfl'n
1460 4742 1573 4825 mim-'⁰
1633 4742 1732 4817 ΒΜ
1762 4752 1840 4826 νώ
1859 4756 2064 4867 “tillim
2082 4762 2202 4835 frater·

179 4879 355 4955 dolorem,
383 4888 416 4945 et
432 4870 650 4967 quaerendas
668 4869 945 4954 consolationes,
972 4896 1059 4964 quas
1072 4869 1168 4946 Deus
1232 4839 1317 4927 Μ·
1333 4838 1410 4911 ω·
1426 4836 1593 4913 februm·
1614 4843 1721 4927 ¹⁶54·

178 4975 354 5051 Ecclesiae
389 4976 545 5047 tradidit.
600 4970 816 5047 Deformitas
842 4985 910 5056 est,
936 4997 1025 5065 quae.
1048 4986 1169 5046 tamen
1279 5022 1284 5031 ·

1303 5048 1309 5057 ,
1656 4998 1659 5003 ·
1856 4976 1921 5023 .;.·t
1950 4955 2147 5054 Philippus.
2178 4982 2182 4989 ·

52 5094 56 5100 ’
179 5098 216 5151 ut
245 5102 347 5172 spero
371 5102 442 5147 uou
468 5078 620 5148 multum
636 5050 801 5167 impediet
820 5070 1168 5153 pronunciationem.
1217 5092 1444 5133 -·e-.---—·-
1516 5102 1563 5133 ...
1848 5094 1863 5109 ··
1924 5068 1954 5107 ⁵··
2087 5086 2090 5091 ·
2136 5110 2153 5129 ,,

1252 5173 1281 5240 *l
1301 5170 1364 5229 Vid.
1383 5175 1417 5230 ds
1435 5196 1469 5231 eo
1487 5183 1675 5238 testimonium
1696 5204 1777 5260 supr·
1797 5192 1822 5247 d,
1843 5195 1868 5248 6,
1889 5196 1945 5251 ιη,
1964 5198 2068 5257 ω...

185 5239 400 5259 ..ι-*Ἀ*-

211 5324 238 5393 0)
260 5314 688 5391 t'id.spist.d.12.0cs1553.
760 5340 765 5349 ·
1083 5376 1087 5381 .
1189 5266 1195 5383 d
