4776 6024
183 319 261 393 tte
772 301 1208 385 EPISTOLARUM
1267 300 1375 383 bill.
1399 300 1485 384 ΧΠ.
1511 303 1644 385 taes
2141 313 2225 391 020

191 487 303 575 telligi
320 496 443 577 potest.
479 478 701 553 Commendo
718 473 794 557 Deo
808 486 842 546 et
853 472 1025 550 Celsitud.
1036 473 1180 547 Vestrae
1231 474 1360 591 ctione.
1407 471 1572 571 Cumque
1587 491 1679 596 reete
1701 479 1847 598 sentiret
1863 479 1908 553 de
1929 460 2099 551 omnibus
2123 477 2222 555 chri.

191 580 302 662 totam
325 582 416 656 hanc
438 605 578 653 causam
599 596 634 652 et
649 603 706 648 me
722 579 850 669 ipsum.
902 576 1011 649 Mitto
1026 574 1179 647 Celsitu·
1232 588 1364 645 strenae
1381 575 1563 649 doctrinae
1577 582 1753 666 articulis,
1769 594 1805 654 et
1816 574 2025 653 ahhorreret
2040 582 2087 652 ab
2100 609 2221 655 omni-

188 680 272 760 'dini
296 685 443 756 Vestrae
466 683 638 776 pagellas,
664 702 755 774 quae
778 678 883 748 etiam
908 693 990 747 sunt
1014 691 1118 781 testps
1146 690 1182 747 et
1231 677 1299 746 bus
1320 675 1496 748 seditiosis
1519 694 1554 752 et
1573 680 1736 753 fanaticis
1757 681 2008 775 opinionibus,
2038 709 2125 755 vera
2150 687 2221 759 lide

195 792 358 862 laborum
384 809 544 855 meorum
568 796 603 853 et
624 805 723 852 meae
749 779 955 851 sententiae.
1016 777 1115 848 Bene
1149 791 1181 846 et
1231 774 1349 848 Qum
1370 776 1559 852 invocabat
1582 782 1622 851 in
1646 782 1826 874 agnitione
1849 795 1886 852 et
1907 783 2036 854 fiducia
2057 785 2126 857 lilii
2146 813 2221 861 mo

195 891 346 962 feliciter
369 888 482 957 valeat
497 879 826 967 CelsitudoVestra.
876 879 935 949 die
949 878 985 953 9.
997 877 1182 952 Decembr.

191 989 309 1088 1550.
360 986 530 1059 Celsitud.
546 984 691 1056 Vestrae
705 982 866 1053 addictus
881 1003 1005 1051 servus

703 1092 894 1191 Philippus
906 1094 1134 1171 Melanthea.

1233 878 1398 965 diatoris,
1423 894 1458 951 et
1477 882 1590 952 animi
1603 883 1768 974 pietatem
1790 885 1957 955 omnibus
1981 882 2142 959 honestis
2165 892 2222 962 ol*-

1234 979 1322 1050 ficiis
1335 982 1537 1057 declaravit.
1589 981 1671 1055 Vita
1687 1000 1779 1056 casta
1795 998 1830 1055 et
1844 986 1963 1057 sobria
1982 988 2068 1059 luit:
2097 1014 2220 1082 pacem

1235 1081 1412 1172 publicam
1445 1097 1480 1156 et
1505 1096 1708 1156 nostrarum
1730 1084 1971 1159 Ecclesiamm
1993 1091 2221 1164 coniunctio-

1236 1206 1316 1251 nem
1340 1205 1479 1274 semper
1502 1184 1594 1258 tueri
1615 1209 1751 1258 summa
1773 1211 1858 1258 cura
1882 1190 2036 1278 studuit;
2062 1193 2220 1285 privatas

1162 1354 1188 1364 ,,
1235 1306 1422 1354 aerumnas
1447 1286 1553 1357 ctiam
1575 1286 1711 1378 placide
1734 1288 1829 1363 tulit.
1886 1285 1938 1361 Et
1968 1291 2008 1361 in
2040 1288 2112 1366 hoc
2144 1296 2220 1388 ipso

1236 1385 1362 1454 morbo
1374 1385 1476 1458 leniit
1489 1387 1559 1459 sibi
1574 1388 1714 1460 dolores
1728 1389 1877 1463 eruditis
1890 1407 1926 1463 et
1941 1393 2010 1505 piis
2023 1398 2220 1469 amicorum

1058 1574 1066 1589 ι
1148 1571 1158 1593 υ
1236 1484 1436 1579 colloquiis.

206 1616 378 1652 Μ

578 1714 823 1833 Scriptum.

269 1900 376 1968 suaa
393 1896 467 1970 pusi.
484 1891 568 1951 aaa.
586 1891 699 1946 wios.
717 1891 750 1950 r.
767 1893 820 1947 ιιι.
840 1856 882 1951 uc
896 1892 967 1949 ns
984 1920 1018 1934 -
1053 1894 1115 1951 um
1131 1897 1184 1952 m-

300 1968 343 2022 lor
354 1965 420 2021 baec
435 1962 538 2039 pagella
551 1959 761 2017 Melantbenem
774 1960 855 2017 hebet
867 1970 1019 2019 auctorem.

341 2135 476 2212 Rector
491 2132 712 2207 Academiae
733 2129 1046 2231 Witedsrgensis.

199 2281 323 2364 Hodie
348 2285 435 2357 hora
461 2308 557 2354 nona
579 2285 619 2352 in
653 2285 777 2352 eedem
804 2283 942 2353 tumulo
968 2286 1184 2375 sepelientur

201 2393 345 2465 exuviae
366 2386 571 2459 Reverendi
602 2386 689 2468 viri,
721 2383 764 2456 D.
788 2376 979 2455 Iohannis
1002 2381 1183 2472 Fd'rsteri,

197 2491 364 2568 ¹Iloctocis
378 2484 613 2577 Theologiae,
636 2500 671 2556 et
694 2485 786 2554 filiae
811 2485 922 2577 ipsius
938 2488 1181 2560 adolescentu-

195 2599 256 2669 'lae
271 2585 538 2684 Margaridos,
563 2611 653 2683 quae
668 2587 700 2656 ei
716 2581 920 2657 charissima
933 2587 1013 2659 luit.
1061 2588 1181 2661 Pridie

198 2711 278 2770 ante
302 2694 412 2787 patris
434 2703 583 2761 mortem
603 2688 675 2757 lilia
699 2713 738 2757 ex
767 2683 832 2758 hac
854 2688 926 2758 vita
949 2705 1089 2763 evocata
1114 2708 1181 2762 est:

73 2858 78 2869 .
195 2790 301 2870 Pater
324 2818 404 2865 cum
428 2794 491 2862 diu
514 2803 741 2880 aegrotasset,
774 2789 977 2879 languidior
998 2793 1103 2862 etiarn
1127 2794 1181 2864 sa-

195 2894 275 2971 ctus
291 2896 426 2979 dolore,
440 2917 546 2988 quem
563 2893 595 2961 ei
613 2904 758 2984 paterna
776 2886 913 2988 στοργὴ
931 2908 1074 2983 propter
1088 2884 1179 2965 filiae

196 3011 347 3069 mortem
363 2996 547 3078 attulerat,
572 2992 742 3084 postridie
755 3016 835 3061 cum
851 3016 923 3060 sese
939 3006 973 3063 et
986 2990 1178 3064 Ecclesiam

198 3098 428 3169 domesticam
455 3107 488 3162 et
512 3093 688 3185 publicam
710 3092 967 3162 ardentissimis
995 3097 1085 3165 votis
1105 3098 1178 3164 lilio

196 3198 264 3270 Dei
285 3198 582 3279 commendasset,
616 3218 657 3261 ex
682 3187 747 3261 hac
767 3216 978 3263 aerumnosa
1002 3195 1076 3266 vita
1103 3198 1178 3266 dis·

197 3302 309 3372 cessit.

300 3399 410 3470 Natus
424 3410 474 3466 est
490 3392 649 3466 honestis
666 3394 872 3485 parentibus
897 3394 934 3463 in
950 3397 1038 3465 urbe
1055 3392 1178 3484 Augu-

197 3514 249 3572 sta
265 3497 433 3582 Rhetica,
457 3499 520 3568 ubi
537 3493 651 3567 adhuc
668 3496 776 3565 frater
792 3496 865 3565 eius
881 3496 979 3567 vivit.
1033 3495 1074 3566 lu
1086 3493 1176 3567 Acii-

197 3602 312 3674 'demia
327 3599 495 3672 Bavarica
513 3591 721 3694 Copnionis
745 3597 887 3666 auditor
903 3598 989 3683 fuit,
1015 3598 1076 3693 qui
1097 3624 1175 3667 cruu

194 3705 236 3774 in
251 3704 311 3773 illa
327 3715 463 3772 senecta
478 3714 511 3770 et
530 3715 706 3791 postremo
720 3698 813 3767 vitae
829 3710 927 3785 actu,
947 3724 1028 3770 cum
1042 3700 1177 3791 attigis-

196 3820 249 3876 set
263 3829 396 3874 annum
424 3802 737 3894 septuagesimum,
763 3801 827 3868 diu
849 3813 952 3872 antea
975 3815 1099 3891 sponte
1121 3826 1176 3871 re-

195 3907 288 3977 lictis
305 3905 414 3988 aulis,
439 3928 512 3972 non
529 3916 568 3972 ut
583 3902 727 3972 Laertes
745 3924 781 3967 sc
805 3899 841 3970 in
867 3923 950 3991 agro
973 3901 1177 3989 abdidisset,

194 4011 254 4078 secl
282 4008 317 4075 in
338 4004 563 4076 Academiam
587 4002 795 4073 invitatus‘a
813 3999 910 4070 Duce
926 4000 1098 4073 Bavarico
1120 4030 1173 4073 se-

194 4109 366 4191 cessisset,
393 4109 544 4176 maxime
567 4107 808 4176 delectabatur
831 4105 957 4173 studiis
981 4103 1173 4175 iuniorum.

193 4207 242 4280 Ut
266 4210 375 4296 igitur
398 4208 546 4302 quisque
571 4208 721 4276 maxime
744 4206 895 4296 cupidus
915 4219 988 4277 erat
1005 4205 1173 4289 discendi,

192 4325 225 4380 et
245 4310 398 4402 plurima
415 4309 671 4392 sciscitabatur,
697 4308 744 4376 ita
763 4304 815 4374 illi
839 4307 990 4376 maxima
1008 4307 1172 4375 comitate

189 4413 420 4503 respondebat
438 4424 470 4478 et
488 4410 597 4479 libros
613 4410 719 4479 dabat
742 4410 903 4478 utendos.
952 4404 1040 4479 Erat
1063 4408 1171 4498 igitur

187 4502 379 4611 Copnioni
399 4514 491 4581 inter
510 4512 688 4580 auditores
711 4509 1004 4580 familiarissimus
1018 4502 1169 4579 Ferale·

187 4638 267 4693 rus,
294 4617 377 4709 quia
395 4614 509 4682 maius
526 4626 598 4682 erat
614 4613 688 4680 eius
702 4611 857 4681 studium
875 4635 980 4703 quam
1004 4609 1168 4684 aliorum.

185 4712 308 4783 Postea
324 4716 465 4809 Lipsiae
482 4714 618 4783 audivit
637 4710 780 4785 Petnsm
796 4706 1078 4798 Mosellonum,
1104 4739 1164 4782 cu-

184 4815 240 4884 ius
256 4818 368 4884 oratio
391 4842 473 4886 vere
489 4809 783 4907 Xenophonteain
806 4814 1011 4886 suavitatem
1036 4814 1165 4885 relere-

181 4919 253 4989 bat.
294 4911 462 5002 Egressus
478 4916 750 4988 adolescentiam
765 4913 887 4986 docuit
902 4915 989 4985 alias
1004 4915 1166 5005 lingnam

179 5016 378 5097 Ebracam,
399 5031 431 5084 et
445 5022 529 5088 alias
544 5016 722 5109 Ecclesiae
743 5018 943 5087 doctrinam
967 5018 1005 5086 in
1023 5014 1161 5107 Acade.-

180 5123 261 5190 miis'
277 5136 310 5190 et
329 5120 364 5187 in
381 5119 531 5209 templis.
568 5117 692 5193 Annas
708 5121 777 5187 iam
793 5133 873 5191 octo
887 5118 925 5187 in
941 5115 1159 5217 nostraAca-

177 5223 292 5291 demia
316 5223 470 5292 multum
495 5222 629 5311 proluit
651 5221 869 5290 discentibus
890 5236 923 5292 et
947 5222 1159 5314 iuterpreta-

176 5323 273 5394 tione
295 5317 553 5415 Prophetarum
581 5334 614 5388 et
641 5322 781 5413 liuguae
805 5317 960 5391 Ebraeae
982 5346 1157 5415 propaga·-

174 5424 288 5515 tione,
315 5420 513 5531 asseretur
525 5418 690 5517 Ecclesiis
712 5426 751 5517 in
775 5421 1022 5541 iudiciiset‘i'n
1036 5420 1169 5541 ³9⁸3?

1215 4896 1422 5010 dehls
1485 4906 1494 5001 e¹

1336 1601 1428 1675 Cum
1443 1600 1675 1677 Reverendus
1688 1607 1745 1677 vir
1757 1604 1804 1684 D.
1821 1604 2015 1682 Martinus
2023 1605 2221 1688 lutherus

1236 1702 1350 1775 edidit
1388 1707 1624 1795 germanicam
1664 1709 1989 1801 interpretationem
2020 1716 2222 1808 scripturae

1238 1800 1461 1896 propheticae
1479 1820 1514 1877 et
1538 1810 1766 1902 apostolicae,
1792 1808 1974 1885 adhibitus
1995 1829 2102 1889 estet
2126 1819 2220 1910 ipse,

1235 1918 1277 1975 ut
1299 1908 1343 1975 de
1366 1902 1485 1997 phrasi
1515 1905 1654 1980 Ebraea
1679 1912 1868 1999 iudicaret,
1907 1929 1942 1986 et
1967 1916 2005 1985 in
2030 1930 2102 1988 tam
2131 1921 2222 1989 utili

1236 2030 1342 2098 opere
1375 2031 1456 2099 sepe
1478 2008 1554 2080 eius
1586 2012 1759 2081 iudicium
1791 2012 1835 2087 D.
1860 2010 2042 2091 Lutherus
2072 2022 2222 2091 caeteris

1237 2109 1421 2198 praetulit,
1451 2124 1491 2180 ut
1524 2111 1563 2179 in
1588 2114 1761 2184 sententia
1786 2115 1986 2186 dulcissima
2019 2120 2058 2187 in
2086 2117 2219 2192 Hosea:

1236 2232 1310 2279 non
1326 2206 1477 2306 socium
1492 2209 1662 2309 sororem
1686 2214 1765 2284 irae
1791 2239 1906 2286 meae:
1958 2242 2035 2289 nors
2064 2242 2218 2317 prorsus

1236 2302 1360 2379 delebo
1373 2304 1584 2406 ‚Ephraim
1608 2313 1697 2412 quia
1714 2312 1820 2388 Deus
1841 2340 1906 2412 ego
1919 2342 2025 2406 sum,
2051 2344 2130 2391 uon
2151 2314 2218 2393 ho-

1235 2434 1313 2492 mo,
1341 2410 1381 2480 in
1396 2408 1516 2483 medio
1537 2413 1596 2485 tui
1618 2426 1780 2489 sanctas.
1830 2414 1910 2491 Nec
1927 2427 2051 2491 tomen
2069 2421 2219 2495 intrabo

1235 2510 1481 2584 inuisitatem.
1530 2514 1600 2587 llic
1611 2542 1691 2589 cum
1707 2519 1776 2589 alia
1792 2522 1905 2592 multa
1925 2524 2113 2608 monebat,
2139 2540 2217 2596 tum

1234 2637 1316 2684 vero
1332 2610 1398 2686 hac
1417 2610 1553 2706 phrasi:
1578 2643 1682 2704 „non
1699 2621 1841 2693 intrabo
1855 2623 1893 2692 in
1907 2623 2087 2695 civitatem
2095 2623 2121 2711 ⁸⁸,
2149 2621 2219 2697 hoc

1233 2717 1376 2807 proprie
1397 2717 1588 2807 significari
1610 2722 1765 2794 dicebat:
1798 2747 1872 2794 non
1893 2727 2041 2797 servabo
2066 2749 2218 2817 regnum

1234 2818 1418 2908 politicum
1436 2814 1628 2910 Ephraim,
1652 2845 1712 2893 seu
1724 2821 1916 2901 Samariae.
1965 2822 2014 2897 Et
2030 2822 2125 2899 hanc
2141 2854 2220 2899 em·

1231 2913 1360 3090 phgin
1374 2943 1448 2990 esse
1469 2921 1508 2989 in
1524 2923 1632 2994 verbo
1652 2924 1813 2996 intrandi
1836 2951 1878 2998 ex
1894 2926 1974 2998 aliis
1991 2928 2080 3001 lucis
2094 2944 2218 3004 osteu-

1256 3044 1274 3089 e
1322 3033 1346 3095 t.

1332 3149 1434 3221 Talis
1447 3176 1527 3222 cum
1545 3154 1651 3227 leserit
1667 3152 1803 3228 Ductor
1812 3151 2005 3230 Iohannes
2012 3154 2217 3235 Fb’rsterus

1230 3252 1412 3322 amisimus
1429 3254 1545 3322 virum
1562 3257 1687 3326 utilem
1700 3259 1826 3329 studiis
1839 3258 2037 3348 Eccttnae,
2062 3279 2095 3334 et
2108 3266 2215 3335 nobis

1231 3354 1397 3422 omnibus
1413 3370 1558 3445 propter
1570 3356 1681 3447 ipsius
1705 3362 1893 3431 caridorem
1922 3377 1957 3434 et
1973 3365 2134 3456 pietatem
2149 3390 2210 3436 ca-

1231 3456 1419 3528 rissimum.
1479 3454 1600 3544 Quare
1634 3459 1749 3529 luctus
1782 3465 1894 3532 nostri
1928 3467 2061 3536 multas
2089 3490 2214 3557 graves

1229 3580 1349 3627 carisas
1372 3552 1553 3631 habemus.
1606 3556 1762 3630 Oramus
1783 3578 1899 3634 autem
1919 3565 2034 3635 blicam
2057 3568 2126 3639 Dei
2148 3571 2213 3639 do-

1231 3660 1367 3726 urinnm
1383 3672 1544 3727 nostrum
1563 3657 1678 3730 lesum
1695 3657 1897 3751 Christum,
1923 3667 2130 3739 crucifixum
2150 3693 2213 3765 pro

1229 3762 1332 3829 nobis
1344 3773 1377 3829 et
1395 3761 1656 3845 resuscitatum,
1681 3776 1720 3833 ut
1738 3763 1951 3852 Ecclesiam,
1966 3783 1998 3838 et
2015 3764 2110 3843 banc
2121 3768 2214 3841 Aca·

1229 3861 1379 3928 demiasn
1403 3861 1440 3928 in
1465 3886 1522 3944 ea,
1548 3877 1661 3932 servet
1686 3878 1719 3933 et
1743 3867 1935 3954 gubernet,
1962 3884 1996 3941 et
2011 3871 2121 3943 laciat
2148 3896 2214 3944 nos

1229 3984 1308 4029 vasa
1330 3963 1602 4037 misericordiae.
1653 3962 1728 4033 Vos
1748 3992 1891 4062 qranue
1913 3973 1983 4041 iam
2007 3972 2047 4041 in
2071 3975 2213 4060 funere,

1227 4067 1269 4130 ad
1295 4066 1390 4156 quod
1416 4086 1477 4133 vos
1498 4060 1585 4135 hora
1611 4088 1706 4134 nona
1722 4073 1913 4141 convenire
1929 4072 2117 4160 volumus,
2143 4076 2213 4166 piis

1227 4165 1316 4233 votis
1341 4177 1374 4234 et
1396 4166 1586 4253 gemitibus
1607 4168 1785 4255 publicam
1818 4184 1851 4239 et
1876 4188 2027 4243 vestram
2058 4177 2213 4247 salutem

1227 4261 1300 4334 Deo
1317 4269 1572 4341 commendate.
1613 4264 1721 4338 Anno
1740 4270 1848 4346 1666.
1864 4276 1922 4344 die
1935 4278 1974 4353 9.
1988 4272 2212 4362 Decembris,

1223 4390 1294 4456 orio
1311 4369 1369 4436 die
1383 4380 1466 4436 ante
1479 4392 1593 4438 annos
1610 4385 1750 4441 centum
1771 4364 1806 4442 et
1822 4377 1947 4466 viginti
1968 4391 2140 4449 mortuus
2160 4396 2214 4453 est

1222 4463 1487 4560 Segismuudus
1513 4469 1728 4562 Imperator,
1754 4476 1854 4546 cuius
1876 4480 1948 4551 vita
1970 4478 2079 4549 etiam
2106 4483 2214 4575 plena

1221 4571 1383 4642 laborum
1399 4585 1433 4640 et
1448 4594 1698 4643 aerumnarum
1714 4573 1792 4647 luit·

1500 4714 1535 4761 b

1223 4798 1227 4802 ”
1241 4790 1649 4825 ’'W‘'
1660 4796 2217 4823 'mum

1992 4951 2042 5013 die
2058 4957 2201 5023 beremae.

1983 5041 2208 5088 Μ

1437 5124 1563 5225 Hier.
1592 5140 1977 5254 Buumgortuero.

1280 5310 1356 5383 epau
1383 5310 1429 5369 nn
1448 5312 1541 5437 vua&
1554 5314 1606 5370 ess
1618 5334 1659 5387 sq.
1694 5314 1747 5371 aa
1764 5336 1796 5371 ε,
1814 5326 1924 5389 ..ιφ

2004 5318 2034 5375 in
2052 5324 2120 5381 cod.
2142 5325 2216 5381 Me·

1313 5399 1371 5437 nse.
1393 5379 1413 5432 Ι.
1439 5400 1465 5450 p.
1545 5382 1627 5448 ,cui
1649 5383 1877 5459 Baumgrrtnerus
1976 5388 2057 5461 ipsit:
2098 5397 2216 5468 „taen

1315 5448 1358 5505 27.
1373 5450 1441 5508 uec.
1458 5466 1507 5520 per
1517 5451 1729 5541 Ambrosium*

1890 5536 1897 5549 0
