4776 6024
193 307 270 385 sss
766 306 1220 393 nrrsronanuu
1254 304 1362 381 nin
1387 306 1470 385 ru
1522 310 1655 393 issa
1842 310 1894 415 3·
2157 309 2233 388 aas

195 486 295 555 desse
307 486 352 553 ad
367 484 611 572 concordiam;
638 486 718 557 ideo
733 508 799 556 nos
817 474 1003 556 instituere
1017 481 1183 554 concilia·
1241 502 1345 553 nemu
1360 480 1531 575 recipitur
1543 498 1605 556 aut
1618 487 1809 559 exauditur
1825 499 1859 559 et
1873 486 2047 572 curatur,
2072 485 2143 556 nisi
2165 507 2231 556 re-
2352 478 2355 484 ’

195 589 310 657 tiones
324 600 358 663 et
373 586 642 656 commixtiones
657 589 875 658 diversarum
894 587 1107 678 opinionum
1122 608 1187 655 ne-
1239 583 1343 654 stitns
1365 582 1501 656 iustitia
1536 587 1720 678 originali,
1759 613 1851 682 qnae
1876 602 1928 661 est
1949 584 2130 672 (lirinus,
2163 587 2230 681 qni

194 704 372 781 quaquam
388 688 566 773 volumus,
588 713 628 757 ac
642 686 718 759 sin'e
734 688 963 779 ambiguitate
978 687 1045 769 sim
1118 687 1186 758 iter
1237 684 1349 755 lactus
1368 698 1420 757 eet
1435 688 1541 758 nobis
1561 687 1833 763 aDeoiustitia.
1884 689 1988 760 Talia
2005 692 2116 760 multa
2139 710 2229 760 con-

195 789 401 869 recitamns‚
428 790 513 882 quid
530 792 737 879 probemus,
763 792 849 884 quid
867 816 942 859 non
957 791 1048 881 prob
1132 812 1159 862 s.
1237 787 1313 856 fuse
1330 787 1435 874 dicta,
1454 790 1517 860 etsi
1529 790 1637 860 leniri
1647 793 1913 885 interpretando
1927 806 2085 884 possunt,
2108 804 2227 861 tamen

204 922 210 933 ·
296 886 400 961 Nunc
419 890 530 979 igitur
551 894 596 962 de
621 894 777 987 scriptis,
802 914 893 987 qnae
907 890 1059 963 Senatus
1078 884 1184 961 nobis
1236 887 1435 977 significant
1460 892 1620 964 studium
1649 893 1882 967 dissentiendi
1909 907 2090 987 arecepta
2111 893 2228 963 forme
2296 890 2300 897 ’

193 984 373 1076 exhibuit,
413 994 595 1085 perspicue
633 1006 667 1064 et
698 994 828 1067 diserte
858 992 1183 1087 pronuntiabimus.
1235 990 1429 1066 doctrinae.
1609 1066 1614 1075 ,

192 1091 267 1162 Nos
281 1092 491 1162 sententiam
508 1107 542 1164 et
557 1096 708 1165 sormam
725 1097 924 1181 doctrinae,
947 1107 1122 1187 receptam
1141 1094 1181 1162 in
1335 1088 1652 1183 Pugnatastutius
1679 1092 1720 1169 V
1718 1105 1848 1169 citerus
1869 1091 1939 1191 ⁴⁸),
1975 1122 2055 1167 cum
2086 1097 2224 1166 citasset

193 1190 521 1281 nostrisEcclesiis,
536 1216 625 1291 quae
640 1192 1182 1282 refutaruntOsiandrum,sen-
1234 1191 1371 1263 dictum
1393 1193 1514 1266 Pauli:
1548 1184 1618 1294 'per
1640 1197 1752 1269 nnius
1775 1197 1957 1270 iustitiam
1980 1194 2093 1267 multi
2115 1192 2224 1264 iusti·
2270 1187 2276 1196 ’

192 1295 302 1367 timus
321 1317 395 1364 esse
411 1320 549 1381 veram,
574 1311 609 1369 et
621 1296 665 1395 ⁴⁰)
683 1324 764 1370 cum
787 1295 853 1369 hac
874 1296 1180 1390 congruere'iudi-
1229 1286 1409 1381 ficarium
1441 1297 1506 1367 ubi
1529 1294 1662 1369 Paulus
1683 1298 1767 1371 mox
1786 1302 1904 1386 addit,
1933 1323 1999 1397 per
2015 1296 2126 1403 unius
2141 1294 2224 1365 obe-

191 1418 312 1467 camus
333 1395 501 1488 scriptum
516 1392 676 1469 Beseldi
692 1397 732 1497 ⁸²)
756 1414 790 1473 et
809 1400 878 1493 ipsi
892 1398 1179 1473 coniunctorum.
1233 1390 1424 1481 dientiam.
1460 1397 1627 1470 Vctterus
1642 1397 1707 1471 hac
1724 1415 1821 1490 parte
1835 1403 2067 1486 dissimulata,
2091 1398 2222 1468 deinde

192 1494 313 1586 Quare
327 1496 365 1567 id
379 1499 549 1590 scriptum
573 1503 810 1594 approbamus
827 1517 862 1574 et
880 1502 980 1593 pium
1003 1525 1076 1572 esse
1097 1523 1180 1571 cen·
1231 1497 1403 1567 iustitiam
1433 1498 1684 1591 interpretatur
1704 1503 1824 1585 Deum
1852 1504 1987 1595 ipsum,
2020 1515 2056 1573 et
2076 1500 2223 1570 tandem

190 1621 326 1683 semus,
360 1611 395 1667 et
415 1599 634 1688 iudicamus,
665 1604 754 1674 utile
774 1628 848 1674 esse
869 1604 1079 1674 concordiae
1102 1625 1179 1671 eam
1231 1599 1331 1668 addit
1352 1599 1633 1684 conclusionem,
1665 1597 1828 1672 homines
1847 1603 1959 1675 iustos
1990 1627 2070 1673 esse
2086 1598 2222 1671 iustitia

188 1700 339 1793 formam
372 1700 543 1794 loquendi
574 1705 738 1779 retinere,
801 1704 944 1775 ,Deinde
975 1704 1014 1774 in
1048 1703 1178 1793 scripto
1231 1698 1409 1768 essentiali
1434 1698 1568 1785 Patris,
1607 1700 1691 1773 Filii
1718 1717 1755 1774 et
1779 1702 1935 1796 Spiritus
1962 1702 2000 1778 S.
2057 1701 2111 1774 lta
2145 1723 2222 1770 non

122 1867 131 1895 Ι
187 1786 399 1870 Cu'lmanm'
426 1804 629 1875 invenimus
649 1805 891 1877 definitionem
919 1805 1073 1889 iustitiae
1099 1817 1179 1875 tan·
1230 1797 1443 1871 discernitur
1457 1796 1701 1885 'smediatorr
1719 1807 1864 1876 caeteris
1881 1806 2052 1899 personis,
2075 1797 2220 1896 nec”⁴⁷)
2259 1814 2265 1821 '

187 1917 263 1976 tum
287 1904 436 1992 leffalem
456 1917 489 1974 et
512 1901 780 1993 O'siandricam,
806 1922 841 1979 et
862 1907 1045 2002 aliquanto
1068 1906 1179 1996 magis
1229 1900 1468 1973 reconciliatio
1486 1927 1549 1973 seu
1562 1906 1717 1996 acceptio
1739 1919 1885 1996 propter
1904 1904 2111 1976 mediatoris
2131 1905 2219 1973 obe·
2311 1900 2318 1909 ’

187 2003 438 2075 inconcinnam
458 2000 515 2100 ⁴²).
565 2003 703 2079 lustitia
727 2010 868 2100 proprie
886 2023 1033 2081 vocatur
1055 2008 1178 2100 probi·
1228 2003 1399 2072 dientiam
1415 2026 1435 2072 a
1449 2016 1616 2098 sequente
1630 2001 1889 2076 inhabitatione
1906 2029 1969 2076 seu
1984 2006 2181 2078 effectione.

188 2121 259 2191 tar,
295 2129 402 2199 quam
432 2109 633 2194 germanice
657 2103 925 2205 Frdmmiglteit
939 2105 986 2203 ⁴³)
1014 2110 1177 2193 dicimus,
1317 2099 1411 2173 Cum
1425 2104 1534 2194 igitur
1549 2104 1662 2177 insint
1672 2108 1878 2179 manifestae
1892 2106 2118 2179 confusiones
2129 2101 2219 2176 Cul-

188 2220 334 2277 vocatur
355 2205 544 2296 singularis
566 2210 678 2280 animi
694 2215 867 2305 quaedam
885 2213 1042 2304 probitas
1064 2225 1098 2280 et
1111 2211 1177 2280 bo-
1226 2203 1350 2273 manni
1364 2220 1398 2277 et
1413 2203 1447 2272 V
1449 2208 1550 2277 atteri
1571 2206 1726 2300 scriptis,
1752 2210 2040 2294 sivelateantur,
2072 2230 2109 2277 se
2124 2207 2219 2279 tueri

188 2307 299 2392 nitas,
338 2311 434 2377 unde
466 2309 579 2380 iustus
603 2326 748 2384 vocatur
771 2315 829 2383 vir
861 2314 992 2399 bonus,
1031 2334 1176 2405 aequus,
1227 2300 1460 2395 Osiandrum,
1485 2308 1559 2378 sive
1575 2310 1811 2396 dissimulent,
1833 2312 2076 2403 improbamus
2092 2332 2217 2380 eorum

189 2410 342 2500 probus,
372 2404 570 2494 humanus,
600 2411 659 2482 ein
678 2414 864 2511 frammer
888 2409 1032 2483 Manu.
1078 2412 1176 2484 Haec
1225 2408 1375 2499 scripta,
1407 2433 1498 2503 quae
1521 2410 1626 2482 nobis
1650 2408 1804 2483 exhibita
1828 2424 1930 2499 sunt,
1964 2426 1999 2483 et
2020 2430 2220 2493 censemus

188 2505 282 2579 nibil
302 2510 346 2579 ad
367 2511 499 2589 dictum
523 2517 716 2605 pertinent:
741 2515 862 2593 iustus
873 2510 956 2607 fide
976 2538 1048 2586 sua
1074 2512 1175 2598 vivet,
1225 2504 1467 2582 adhortandos
1484 2535 1577 2598 esse,
1602 2524 1642 2582 ut
1655 2527 1774 2605 aperte
1786 2512 1925 2600 dicant,
1949 2536 1996 2585 an
2011 2512 2218 2604 improbent
2247 2597 2251 2605 Ι

184 2624 221 2681 et
249 2634 355 2704 quam
379 2613 495 2684 aliena
528 2617 599 2686 sint
625 2618 670 2686 ab
696 2612 763 2688 hac
789 2620 1014 2712 quaestione,
1051 2617 1177 2686 vident
1225 2610 1424 2682 doctrinam
1439 2608 1679 2685 Ecclesiarum
1694 2627 1907 2700 nostrarum,
1924 2637 1971 2685 an
1985 2637 2071 2685 vero
2084 2619 2216 2704 appro-
2336 2686 2373 2707 ‚³

155 2736 308 2783 ornnes
323 2714 428 2784 docti.
479 2713 570 2787 Cum
594 2719 689 2786 enim
706 2720 926 2812 quaerimus:
953 2719 1031 2814 quis
1054 2719 1100 2788 sit
1117 2718 1174 2787 iu·
1224 2711 1323 2786 bent.
1375 2711 1484 2803 Quod
1497 2714 1529 2783 si
1546 2714 1683 2802 dicent,
1707 2739 1743 2785 se
1766 2718 1980 2813 approbare:
2005 2713 2218 2809 promittent

184 2827 259 2887 stus
273 2837 392 2885 coram
403 2813 504 2888 Deo?
529 2814 597 2888 boc
610 2821 831 2913 quaerimus,
860 2822 940 2914 quis
956 2822 1001 2891 sit
1015 2818 1174 2890 reconci-
1223 2812 1331 2883 ctiam
1361 2835 1398 2884 se
1423 2827 1624 2895 retenturos
1653 2811 1901 2889 esse'iorniam
1923 2818 1999 2890 eius
2021 2814 2218 2903 doetrinae,

184 2914 292 2987 liatus
313 2912 409 3002 Deo,
449 2919 591 3010 placens
621 2934 657 2992 et
682 2937 844 3016 acceptus
872 2920 972 2994 Deo?
1029 2918 1174 2990 Alicubi
1223 2937 1289 2984 nec
1304 2913 1393 2985 falsa
1408 2928 1470 3003 aut
1483 2916 1651 3007 ambigua
1666 2917 1839 3005 mixturas
1853 2941 1946 3004 esse,
1970 2941 2036 2989 nec
2049 2916 2216 2988 delentu-

183 3018 267 3090 lacit
289 3018 448 3111 quinque
471 3035 592 3112 partes¹
615 3022 873 3097 iustificationis
890 3021 952 3122 ⁴⁴):
987 3022 1175 3116 poeniteu-
1223 3037 1282 3109 ros
1297 3009 1471 3086 Osiandri
1491 3016 1699 3113 praestigias
1717 3019 1757 3089 in
1779 3019 1926 3114 populo.
1977 3017 2087 3109 Quod
2107 3017 2139 3089 si
2158 3014 2217 3085 di-

184 3118 284 3199 dam,
308 3121 552 3207 remissionem
570 3140 801 3215 peccatorum,
822 3126 1055 3217 praesentiam
1066 3117 1173 3194 Chri·
1222 3130 1315 3203 cent,
1340 3138 1377 3187 se
1392 3117 1597 3211 improbare
1612 3118 1810 3192 doetrinam
1820 3117 2062 3193 Ecclesiamm
2075 3130 2218 3191 nostra·

181 3220 281 3290 rtiin
298 3222 424 3307 corde,
450 3223 544 3294 bona
559 3249 664 3317 opera
682 3224 717 3300 et
733 3230 990 3300 confessionem
1005 3225 1088 3298 oris.
1132 3223 1172 3294 ln
1221 3242 1320 3305 rum,
1354 3214 1553 3291 nec'velint
1577 3220 1639 3291 illa
1662 3245 1725 3293 sua
1751 3224 1897 3293 confuse
1919 3223 2032 3303 dicta,
2064 3240 2213 3315 quaere

182 3316 247 3392 hnc
260 3317 451 3413 partitione
468 3327 652 3397 manifesta
669 3330 830 3399 conlusio
846 3345 909 3404 est.
959 3326 1039 3400 Etsi
1053 3338 1172 3397 autem
1222 3320 1299 3412 ipsa
1318 3333 1402 3391 tunt
1417 3314 1649 3402 Osiandrica,
1681 3323 1863 3395 omitteres
1898 3336 2148 3395 removeantur
2167 3320 2216 3391 ab

178 3446 281 3515 saepe
303 3448 384 3509 vera
407 3425 547 3511 miscet,
578 3441 694 3497 tamen
717 3452 855 3500 summa
877 3428 1061 3501 doctrinae
1083 3423 1173 3496 Cui-r
1205 3420 1339 3513 ‚uncio
1356 3421 1531 3507 docendi,
1555 3446 1602 3491 ne
1625 3421 1820 3514 improprie
1840 3423 1935 3495 dicta
1955 3424 2097 3515 pariant
2114 3445 2216 3492 erru-

181 3524 307 3595 manni
328 3539 397 3607 est,
423 3520 606 3597 bominem
626 3550 701 3597 esse
714 3529 849 3600 iustum
861 3543 1007 3623 propter
1028 3522 1172 3596 inhabi-
1221 3542 1279 3588 res
1303 3532 1340 3588 ct
1362 3518 1521 3593 dissidia.
1579 3518 1678 3592 Sunt'
1698 3536 1817 3593 autem
1843 3523 1906 3593 illa
1932 3525 2078 3596 confuse
2103 3523 2214 3592 dicta:
2328 3612 2334 3623 ·
2371 3544 2376 3553 ·

177 3623 350 3695 tationem
365 3621 452 3703 Dei,
479 3650 543 3696 nec
556 3627 663 3713 dicit,
690 3641 835 3720 propter
851 3628 1093 3700 obedientiam
1109 3649 1171 3696 seu
1220 3616 1341 3688 Homo
1364 3630 1417 3687 est
1436 3619 1552 3690 iustus
1565 3621 1744 3692 mnudi
1764 3623 1898 3695 institia
1914 3622 2046 3711 Patris,
2072 3624 2157 3696 Filii
2176 3634 2214 3693 et

180 3720 379 3828 paesionem
394 3720 541 3800 Christi.
590 3723 640 3799 Et
653 3734 815 3823 expresse
832 3728 938 3801 dicit:
963 3725 1099 3799 iustitia
1121 3739 1173 3797 est
1221 3717 1377 3811 Spiritus
1390 3715 1427 3792 S.
1478 3716 1584 3790 Item:
1609 3715 1718 3792 bomo
1739 3736 1793 3794 est
1812 3724 1925 3795 iustus
1940 3740 2086 3817 propter
2104 3719 2216 3794 iuba?
2330 3790 2339 3801 .

179 3817 343 3896 Christus
357 3825 395 3895 in
412 3829 518 3897 corde
535 3824 710 3913 habitans,
723 3843 870 3925 propter
882 3846 987 3926 quem
1002 3826 1173 3900 nosDeus
1220 3817 1430 3891 bitationem
1443 3816 1534 3908 Dei,
1560 3846 1635 3892 1¹⁰ss
1651 3839 1798 3916 propter
1814 3826 2053 3910 obediessfissm
2074 3824 2221 3896 medi*
2249 3842 2258 3871 ²
2379 3914 2384 3921 ,

179 3937 320 4015 reputat
341 3928 463 4021 iuqos.
520 3928 591 4002 Hic
612 3931 723 4003 etiam
742 3934 787 4003 de
809 3931 1044 4026 imputatione
1067 3943 1171 4015 errat,
1221 3920 1320 3994 toris.
1373 3920 1480 3994 Item:
1508 3920 1772 3997 iustificationis
1794 3940 1911 4019 partes
1932 3938 2017 3998 sunt
2038 3926 2211 4021 quinque.
2362 4008 2370 4019 ·

179 4027 263 4121 quia
278 4025 375 4100 Deus
390 4055 455 4101 nos
471 4048 609 4124 reputat
623 4033 752 4121 iustos,
774 4049 920 4135 propter
932 4033 1170 4104 obedientiam
1212 4021 1356 4129 'Eodem
1373 4024 1496 4095 modo:
1521 4020 1698 4098 bomoest
1713 4027 1828 4099 iustus
1839 4039 1920 4119 post
1936 4030 2075 4119 lapsum
2091 4028 2130 4097 iu
2145 4019 2212 4097 bae
2292 4088 2301 4103 .

179 4128 405 4216 mediatoris,
432 4148 465 4205 et
487 4135 574 4205 fides
590 4149 743 4218 statuat,
769 4158 835 4207 nos
848 4128 960 4233 recipi
976 4134 1012 4207 ει
1033 4135 1172 4229 plaeere
1221 4126 1312 4215 vita,
1341 4125 1435 4199 sicut
1454 4139 1531 4199 erat
1553 4127 1668 4201 iustus
1695 4128 1859 4223 originali
1884 4129 2036 4201 iustitias
2076 4128 2212 4201 iustitia
2326 4126 2352 4141 “’

178 4245 323 4324 propter
340 4234 578 4306 obedientiam
595 4237 812 4315 mediatoris.
855 4234 1171 4311 Praetereu'rnutta
1220 4241 1357 4299 tantum
1378 4240 1449 4312 ese,
1480 4252 1572 4321 quaa
1594 4228 1701 4300 efficit
1729 4254 1796 4301 nos
1827 4228 1919 4301 iusta
1939 4230 2072 4316 tacere,
2103 4230 2209 4309 item:

177 4333 325 4403 confore
339 4336 436 4419 dicit,
462 4350 501 4406 nt
518 4338 556 4407 in
571 4338 685 4433 prima
700 4339 940 4429 consessione:
967 4339 1054 4437 quid
1071 4338 1171 4409 atiud
1220 4353 1301 4399 cum
1335 4329 1470 4399 Daniel
1502 4329 1663 4400 nominet
1696 4345 1873 4401 aeternam
1907 4332 2096 4413 inscitiam,
2134 4353 2212 4400 non

178 4440 232 4502 est
264 4438 557 4525 praedestinatio,
598 4454 705 4536 quam
719 4430 964 4535 'Emngettnm
985 4438 1172 4524 creditum,
1220 4444 1335 4522 potest
1355 4426 1801 4504 obeatenenuhrtsu'aict
1823 4430 1970 4504 institia.
2021 4430 2126 4503 Talia
2148 4454 2210 4502 so-

177 4548 258 4602 eum
276 4539 381 4606 credo
397 4552 430 4609 et
446 4540 518 4610 scio
534 4536 606 4630 ⁴⁸),
625 4568 683 4614 me
696 4544 1009 4617 esse‘destlnatum,
1062 4539 1170 4612 leem:
1201 4526 1395 4625 phumata
1411 4532 1681 4607 nonetolerrnda
1694 4534 1833 4606 sunt-in
1846 4530 2016 4607 Ecclesia.
2100 4612 2103 4619 ¹
2208 4574 2212 4583 ·

175 4633 289 4725 excipi
304 4661 323 4705 a
338 4640 443 4710 nobis
458 4637 613 4734 hospitio
621 4642 739 4737 Deum
754 4642 947 4717 Patremet
958 4642 1091 4719 Filium
1109 4666 1178 4736 per¹
1202 4716 1206 4723 ,
1321 4628 1419 4705 fluet
1434 4632 1848 4727 Pio'elndiuintmussati
1862 4636 2122 4729 mpundimub
2144 4654 2212 4715 Μ
2288 4654 2292 4665 “

173 4734 404 4813 ddecumem
436 4762 500 4814 seu
529 4745 636 4816 fidem
668 4747 709 4819 ta
735 4740 931 4821 ebriatum.
987 4744 1038 4821 Et
1064 4746 1171 4818 stibi:
1202 4733 1360 4833 „privato
1379 4734 1510 4807 affeetu
1526 4736 1604 4807 ullo
1623 4761 1828 4829 mavemur,
1852 4738 1914 4808 sed
1934 4736 2036 4828 piu·
2059 4758 2213 4827 conum

1218 4832 1493 4909 sumIleclesiae
1505 4830 1628 4913 inbre
1649 4840 1739 4911 urbe
1756 4852 1792 4911 et
1809 4837 2104 4931 tranquillitatem
2123 4834 2211 4907 reti-

1142 4972 1145 4977 ·
1219 4939 1297 5011 ueri
1319 4956 1494 5031 optamus.
1552 4938 1749 5013 Hortamur
1772 4939 1877 5009 etiarn
1901 4939 1997 5032 ipsos
2018 4939 2212 5010 conciona-

164 5036 172 5049 ·
204 5038 254 5110 tu)
274 5044 315 5108 et]
336 5039 412 5096 satta
430 5042 493 5100 eud.
512 5042 599 5100 eost.
612 5045 662 5104 te.
1219 5055 1314 5112 tores
1327 5042 1365 5110 in
1382 5054 1531 5137 utraque
1548 5057 1666 5134 parte,
1697 5046 1743 5109 ne
1758 5041 1840 5143 odia
1861 5056 2056 5133 augeantur
2071 5035 2116 5137 ⁴⁸)
2138 5037 2213 5125 iru-

206 5126 252 5194 Sl)
271 5128 304 5181 ln
322 5134 396 5181 textu
415 5126 550 5200 impresso
569 5139 677 5186 tanturn
693 5130 794 5205 legitur
810 5131 848 5187 B·
951 5184 955 5189 .

172 4914 396 4935 oo———o-

206 5211 252 5278 ⁴2)
271 5213 342 5268 cod.
359 5209 444 5269 Gotb.
464 5215 506 5270 19.
523 5217 659 5270 &tiamm-
1224 5196 1442 5237 Μ

196 5296 252 5366 ¹0)
264 5296 342 5365 dod.
360 5296 446 5355 Goth.
464 5300 507 5355 19.
527 5302 684 5356 mmsis.
1201 5348 1205 5357 .
1251 5296 1299 5366 46)
1320 5297 1392 5355 Cod.
1410 5297 1496 5356 Gotlr.
1510 5298 1554 5359 19.
1567 5294 1670 5371 abique
1688 5296 1820 5365 ntum.
2147 5362 2150 5369 ,
2169 5356 2172 5361 ,

203 5381 252 5469 dt)
269 5385 404 5452 metuere]
423 5384 487 5439 cod.
505 5384 590 5442 Gotb.
603 5385 646 5443 19.
663 5403 717 5457 pro
733 5384 951 5457 iustificationis.
1250 5383 1295 5452 47)
1313 5382 1506 5440 praetermissa·
1523 5384 1589 5441 brer
1604 5393 1670 5441 runt
1684 5384 1720 5441 eb
1736 5383 1845 5443 editura
1862 5384 1892 5442 in
1909 5386 1958 5448 itt
1975 5382 2062 5459 1111ῐὺ.
2079 5364 2175 5473 W
2196 5434 2203 5449 .
2227 5458 2231 5465 Ι

204 5467 255 5539 tt)
273 5466 345 5573 qod.
363 5465 448 5525 uon
462 5471 505 5532 19.
522 5489 588 5527 sum
602 5474 702 5542 cedo,
719 5470 787 5528 seio.
1199 5488 1207 5505 ·
1249 5468 1702 5543 sermunculum.
1777 5542 1781 5551 Ι
1952 5476 1956 5483 “
2078 5480 2081 5485 “
2109 5464 2113 5473 “
2205 5520 2211 5529 .
