4776 6024
281 309 357 387 blf

287 485 382 557 nico.
438 477 524 549 Post
547 474 719 558 biduum,
750 467 828 542 Deo
854 468 1019 546 iuvante,
1050 465 1117 533 iter
1141 460 1188 531 ad
1214 479 1278 527 vos

288 582 481 677 ingrediar.
529 576 630 650 Bene
646 590 681 649 et
693 573 844 646 feliciter
857 570 936 641 vale
952 592 1033 640 cum
1046 561 1204 637 Ecclesia
1219 572 1281 629 tus

290 685 493 760 domestica.
544 676 646 751 Vlll.
661 675 716 754 ld.
731 674 911 770 Septemb.

1032 765 1235 859 Philippus.

296 1000 1286 1051 ...-.-----—----·-

1124 1182 1159 1245 6.
1174 1168 1262 1254 Sept.

1110 1259 1273 1293 M

306 1192 376 1267 No.
390 1186 503 1263 5665.
547 1178 551 1185 ’

302 1286 515 1324 Μ

589 1362 702 1476 cpe.
727 1356 987 1447 Pannonio.

400 1532 486 1604 sper.
504 1529 553 1583 ns.
565 1528 613 1581 vr
630 1541 657 1596 p.
668 1522 720 1578 sss
732 1540 773 1594 sq.

301 1687 504 1787 Philippus
529 1675 756 1760 Melanthos
789 1665 1138 1774 Chrisloplsoro
1168 1663 1292 1741 Pass-

727 1779 869 1852 nonio

304 1929 354 2020 S.
381 1938 428 2012 D.
484 1928 704 2007 Cbarissime
725 1933 844 2000 frater.
902 1924 993 1996 Cum
1018 1928 1168 2016 legerem
1191 1938 1293 1995 tuum

304 2044 532 2125 Ciceronem,
565 2034 760 2126 cogitabam
786 2030 899 2099 exitus
933 2030 1126 2098 multorum
1154 2029 1294 2118 sapien-

306 2162 401 2230 tum,
436 2142 499 2234 qui
519 2135 736 2232 aTyrannis
760 2128 980 2201 horribiliter
1002 2131 1177 2199 interfecti
1199 2142 1294 2209 sunt,

308 2274 349 2320 ac
368 2267 491 2316 versus
507 2254 640 2310 veteres
656 2236 883 2316 recordabar,
914 2233 976 2324 qui
992 2235 1036 2302 de
1052 2231 1196 2302 Socrate
1210 2255 1294 2322 pro-

309 2346 469 2422 nunciati
494 2354 576 2413 sunt
602 2352 682 2433 post
708 2338 783 2407 eius
809 2358 950 2417 necem,
981 2358 1061 2403 cnm
1089 2333 1165 2402 eius
1190 2331 1295 2402 amici

309 2460 490 2523 curassent
508 2441 744 2532 Tragoediam
768 2437 966 2507 Palamedis
986 2434 1138 2508 recitari.
1190 2427 1296 2506 ἑκτά.

309 2579 411 2637 νετε,
444 2542 612 2620 suarm
635 2537 707 2636 τὴν
733 2533 878 2632 μηδένα
907 2529 1113 2633 βλάψασαν
1139 2530 1295 2630 ἀηδόνα.

309 2655 393 2728 Non
417 2651 563 2722 confero
587 2671 643 2716 mc
669 2645 714 2714 ad
741 2643 822 2712 illos
847 2654 1064 2733 praestantes
1087 2640 1201 2725 viros,
1235 2640 1294 2708 sed

310 2773 429 2830 tamen
444 2765 548 2846 puto,
573 2773 630 2818 me
641 2767 783 2841 quoque
796 2767 870 2813 esse
887 2734 1031 2835 ἀηδόνα
1045 2736 1189 2834 μηδένα
1203 2733 1298 2834 βλά-

311 2879 453 2957 ψασαν.
504 2849 554 2924 Et
574 2852 694 2934 vides,
728 2847 907 2941 quomodo
929 2845 968 2912 in
988 2868 1045 2913 me
1060 2844 1216 2913 saeviant
1231 2839 1298 2936 by-

312 2959 480 3054 pocritae,
502 2976 656 3049 quorum
675 2949 758 3019 satis
769 2946 918 3016 immitis
930 2959 982 3017 est
995 2945 1166 3041 tyrannis.
1215 2943 1300 3014 Pla-

312 3073 368 3132 cet
385 3052 475 3126 mihi
489 3054 548 3124 edi
563 3049 769 3124 Ciceronem
785 3062 907 3131 tuum,
931 3063 965 3119 et
980 3048 1156 3117 adiuvabo
1173 3045 1302 3115 editio.

314 3184 417 3245 nem,
449 3158 481 3227 si
500 3152 560 3228 bic
584 3153 638 3223 vis
664 3150 799 3222 excudi.
857 3146 922 3219 Sin
946 3162 1063 3219 autern
1088 3148 1167 3218 istic
1189 3148 1302 3216 mavis

315 3265 439 3348 edere,
457 3259 596 3330 mittam
612 3248 661 3351 ⁴).
703 3251 802 3322 Bene
818 3251 906 3324 vale.
943 3248 1011 3321 Die
1024 3250 1059 3322 6.
1076 3248 1303 3340 Septembris.

315 3639 512 3770 Q.

1132 3635 1304 3754 Q

739 3817 879 3905 Ν.Ν.

384 3990 409 4063 †
426 3990 465 4045 Fu
478 3981 772 4046 collect.Ballenstedt.
789 3978 882 4060 voli.
899 3995 927 4049 p.
937 3977 1060 4061 ¹92,jsi
1073 3976 1205 4061 descripta
1216 3997 1233 4033 e
1244 3979 1307 4061 cod.

419 4052 644 4114 bistMsttbesii.
669 4085 704 4096 -
740 4048 886 4103 Mettbssro
909 4067 977 4105 vero
996 4065 1037 4100 ιιι
1059 4045 1164 4101 ridetur
1177 4058 1306 4122 suscripta

417 4128 511 4182 fuisse.

749 4272 879 4352 N.N.

319 4429 368 4518 S.
399 4438 439 4510 P.
491 4430 700 4506 Reverende
721 4427 768 4503 D.
789 4428 915 4500 Pastor
939 4441 973 4498 et
995 4427 1172 4498 carissime
1191 4430 1309 4501 frater.

320 4531 539 4615 Transvehit
553 4533 795 4606 Samaritanus
819 4531 913 4602 filius
927 4530 994 4602 Dei
1017 4531 1174 4602 saucium
1196 4531 1311 4602 viato-

320 4671 395 4718 rem
413 4645 452 4712 in
470 4636 725 4720 diversorium,
750 4633 790 4702 in
803 4629 1016 4717 Ecclesiam,
1048 4657 1138 4725 quae
1159 4657 1241 4702 vere
1259 4645 1311 4703 est

320 4743 565 4820 nosocomion.
621 4734 677 4809 Eo
701 4731 883 4807 transvehi
905 4759 941 4805 se
963 4735 1068 4805 etiam
1090 4749 1168 4805 orat
1181 4736 1310 4807 mulier

321 4842 587 4923 oscitantius,
612 4841 656 4911 de
679 4863 748 4934 qua
767 4839 891 4909 scribit
903 4832 973 4906 huc
989 4838 1032 4906 ad
1050 4834 1310 4907 Consistorinm

320 4952 446 5024 Pastor
477 4938 736 5019 Osclsacensis.
801 4938 1049 5010 Narrationem
1076 4938 1160 5008 facti
1192 4938 1312 5011 literas

321 5053 472 5150 pastoris
505 5050 698 5120 continent.
758 5041 849 5114 Cum
877 5052 966 5110 essct
992 5063 1120 5133 sponsa
1147 5042 1245 5112 venit
1272 5041 1312 5123 in

321 5155 559 5251 suspicionem
577 5165 610 5220 et
624 5161 782 5220 accusata
803 5157 864 5212 est.
923 5140 998 5229 Ibi,
1024 5143 1106 5237 quia
1122 5144 1237 5215 voluit
1253 5143 1311 5215 iu-

320 5271 479 5333 ramento
497 5280 532 5325 se
546 5276 695 5348 purgare
710 5273 791 5319 cum
808 5271 882 5318 non
899 5261 988 5318 esset
1001 5247 1173 5334 convicta,
1193 5260 1310 5319 tamen

327 5416 550 5435 annno-“⁶⁸''

354 5489 382 5553 *)
402 5487 466 5539 Vid.
480 5484 557 5558 epist.
572 5468 692 5535 anov.
707 5472 742 5529 sd
756 5471 969 5529 Coscielitsium.

863 279 1294 366 EPISTOLARUM
1343 276 1562 354 Linxu.
1616 273 1750 356 16⁵4.

2245 283 2325 361 648

1330 453 1565 523 condemnata
1588 465 1658 538 est,
1697 463 1732 521 et
1755 473 1906 543 sponsus
1926 451 2057 525 deinde
2078 452 2186 524 aliam
2210 458 2326 533 duxit.

1331 551 1410 626 Etsi
1423 555 1596 626 miramur
1609 552 1822 625 Consistorii
1837 552 1985 624 Misniri
2000 556 2247 648 asperitatem,
2271 574 2327 630 ta-

1332 681 1416 727 men
1429 658 1564 728 iudices
1576 658 1616 726 in
1632 670 1752 727 nostro
1767 653 1989 727 Consistorio
2004 651 2072 728 boc
2088 682 2163 729 non
2177 662 2330 737 faciunt.

1335 757 1456 853 ltaque
1471 760 1559 852 petit
1575 773 1693 851 pastor
1707 755 1884 829 Ecclesiae
1898 750 2159 847 Osclsneenss's,
2182 778 2225 834 nt
2239 788 2331 833 con-

1334 863 1441 931 traria
1464 861 1637 932 sententia
1654 860 1796 952 publica
1812 860 1943 931 mulier
1958 862 2175 939 absolvatur.
2225 861 2329 935 Nihil

1336 965 1445 1054 igitur
1475 964 1553 1055 opis
1583 964 1749 1032 adferunt
1772 962 1920 1032 miserae
1941 965 2085 1035 mulieri
2110 969 2271 1038 sacerdos
2293 983 2329 1038 et

1336 1066 1454 1134 levita.
1515 1064 1621 1136 Nunc
1636 1063 1901 1151 Samaritanus,
1934 1066 2030 1139 filius
2044 1064 2132 1150 Dei,
2157 1069 2193 1139 ci
2208 1070 2327 1160 opitu-

1338 1169 1441 1238 letur.
1491 1164 1573 1259 Ipsa
1587 1166 1718 1236 mulier
1734 1166 1805 1236 fuit
1825 1181 1928 1238 antea
1951 1184 2063 1261 nupta
2082 1172 2180 1255 viro,
2213 1195 2232 1240 e
2256 1197 2327 1265 quo

1338 1268 1497 1340 sobolem
1514 1263 1654 1342 babuit.
1679 1263 1735 1338 Eo
1750 1283 1893 1340 mortuo
1908 1271 2038 1342 incidit
2050 1273 2231 1343 calamitas
2247 1298 2329 1344 cum

1339 1373 1402 1441 illo
1420 1392 1568 1462 sponso,
1594 1370 1652 1442 cui
1667 1383 1824 1462 nuptura
1839 1386 1924 1457 erat,
1950 1386 1985 1445 et
2000 1373 2174 1461 adfirmat,
2199 1399 2236 1445 se
2253 1376 2330 1444 sine

1339 1475 1443 1564 culpa
1472 1496 1557 1546 esse.
1614 1468 1692 1562 Ego
1726 1471 1835 1563 igitur
1861 1499 1902 1544 ex
1928 1473 2144 1564 gravissimis
2170 1491 2202 1547 et
2230 1477 2330 1549 iustis

1340 1576 1454 1646 causis
1476 1576 1614 1660 iudico,
1646 1575 1679 1644 ei
1708 1577 1977 1647 concedendurn
2004 1600 2079 1648 esse
2109 1580 2331 1669 coniugium.

1341 1673 1388 1747 Et
1409 1677 1458 1746 ait
1472 1677 1562 1746 velle
1576 1678 1766 1770 quamdam
1780 1676 1892 1768 ipsam
1910 1679 2054 1765 ducere,
2084 1681 2146 1775 qni
2161 1681 2250 1751 velit
2266 1676 2333 1748 ba-

1339 1780 1455 1849 bitare
1478 1779 1517 1847 in
1539 1793 1654 1849 vestra
1668 1780 1831 1854 dioecesi.
1884 1777 1970 1850 ldco
1986 1804 2069 1867 oro,
2093 1795 2134 1852 ut
2150 1794 2184 1851 et
2201 1783 2333 1852 coniu-

1341 1882 1438 1970 gium
1451 1881 1483 1950 ei
1502 1882 1725 1967 concedatis,
1757 1895 1792 1952 et
1806 1905 1886 1953 sum
1903 1904 2044 1968 suasor,
2067 1905 2113 1952 ne
2132 1883 2272 1975 pellatis
2291 1907 2335 1953 ex

1341 1996 1457 2052 vestra
1471 1983 1614 2056 vicinia.
1653 1981 1793 2053 Videtis
1807 2006 1914 2077 quam
1928 1984 2080 2057 sollicite
2095 2008 2160 2076 pro
2175 2009 2214 2055 ea
2229 1987 2334 2056 labo-

1342 2098 1396 2154 ret
1411 2084 1536 2154 Pastor
1551 2080 1729 2155 Ecclesiae
1741 2077 2005 2173 oretanensis,
2038 2102 2073 2160 et
2097 2087 2235 2159 animae
2254 2112 2334 2158 mu-

1343 2187 1441 2256 lieris
1472 2188 1728 2257 consulendum
1759 2200 1822 2262 est.
1883 2185 2015 2260 Coram
2038 2187 2140 2259 vobis
2159 2210 2334 2282 exponam

1343 2290 1521 2359 rationem
1544 2290 1614 2358 mei
1636 2289 1788 2363 consilii.
1852 2287 1951 2360 Bene
1971 2304 2007 2362 et
2026 2290 2175 2362 feliciter
2196 2289 2335 2364 Valere.

1343 2388 1412 2461 Die
1431 2391 1544 2462 natali
1563 2389 1703 2462 Mariae
1715 2389 1814 2483 Virg.
1831 2389 1941 2466 1554.
2139 2492 2169 2564 p
2196 2492 2273 2566 Ml

2170 2548 2180 2568 .
2241 2522 2284 2568 e.

1347 2827 1415 2900 No·
1429 2825 1543 2902 5667.

1349 2928 1551 2957 m

1963 2844 2020 2907 10.
2037 2834 2123 2923 Sept.
2146 2795 2312 2927 (Lipsibe).

1949 2930 2333 2972 m

1700 3034 1748 3124 G.
1779 3036 1993 3125 Peuoero.

1421 3198 1508 3271 Epist.
1526 3199 1575 3254 lib.
1588 3199 1622 3253 ll.
1641 3217 1668 3270 p.
1682 3195 1742 3254 411.
1761 3197 1819 3269 (ed
1836 3197 1923 3256 bord.
1941 3200 1988 3258 lib.
2003 3201 2038 3258 ll.
2055 3221 2098 3275 ep.
2110 3204 2189 3272 429).

1591 3352 1644 3432 D.
1670 3351 1887 3455 Casparo
1911 3354 2103 3430 Peusero

1356 3493 1403 3582 S.
1431 3503 1474 3574 D.
1525 3500 1819 3575 Charissimetlli.
1851 3504 1900 3578 Ut
1915 3521 1986 3579 tres
2000 3505 2098 3596 Magi
2115 3511 2344 3599 proficiscen-

1356 3628 1406 3682 tes
1421 3609 1463 3676 ad
1480 3603 1732 3679 cunasChristi
1745 3603 1915 3679 dicuntur
1930 3611 2133 3680 convenisse
2147 3611 2187 3680 in
2204 3614 2345 3699 itinere,

1357 3735 1437 3784 cum
1459 3710 1558 3800 prius
1579 3704 1671 3780 nibil
1691 3708 1837 3781 scissent
1850 3711 1911 3780 alii
1926 3713 1972 3782 de
1986 3713 2137 3783 aliorum
2154 3716 2344 3806 profectio·

1357 3840 1417 3884 ne:
1450 3813 1498 3880 ita
1517 3813 1640 3881 cadem
1664 3807 1752 3882 bora
1776 3807 1846 3881 huc
1868 3814 2030 3883 venimus
2045 3807 2228 3886 Francici
2240 3822 2345 3890 nobi-

1357 3919 1427 4000 les,
1450 3928 1575 4004 elego,
1599 3914 1658 3983 die
1675 3913 1812 3983 decimo
1824 3914 2053 4007 Septembris,
2078 3921 2178 4010 quod
2191 3919 2344 3991 faustum

1358 4031 1391 4089 et
1406 4014 1491 4086 felix
1508 4015 1565 4085 sit.
1616 4012 1703 4086 Cras
1717 4015 1846 4105 cogitat
1858 4010 1903 4090 D.
1919 4006 2138 4090 Ioachimus
2155 4022 2345 4113 profiscisci

1357 4112 1497 4210 mecum
1521 4116 1568 4188 ad
1592 4106 1848 4189 Grs'mnensem
1874 4110 2049 4215 scholam,
2088 4122 2220 4194 deinde
2245 4119 2347 4194 Mis-

1359 4215 1465 4305 nabr,
1507 4243 1548 4289 eo
1570 4232 1605 4289 et
1626 4210 1797 4292 Francos
1824 4216 1945 4306 ducet,
1986 4247 2057 4316 quo
2083 4224 2261 4295 existimat
2282 4251 2348 4296 nos

1359 4336 1528 4393 venturos
1543 4344 1618 4392 esse
1632 4324 1690 4392 die
1710 4322 1768 4397 14.
1781 4323 2009 4415 Septembris.
2042 4320 2097 4395 Eo
2114 4328 2248 4419 poteris
2263 4341 2348 4398 tunc

1360 4428 1404 4496 ad
1426 4447 1493 4496 nos
1518 4425 1650 4499 venire.
1705 4421 1755 4496 Et
1775 4427 1881 4496 velim
1903 4439 1939 4497 te
1958 4427 2133 4498 adducere
2148 4423 2348 4499 Moesum

1361 4528 1537 4599 conducto
1555 4552 1660 4620 equo.
1694 4523 1786 4599 Nam
1802 4530 1908 4598 domo
1925 4541 1961 4599 te
1976 4529 2140 4617 absente,
2163 4547 2350 4624 quaereret

1359 4632 1427 4701 alis
1449 4630 1625 4702 sodalitia.
1684 4625 1803 4700 Hodie
1826 4631 1864 4699 in
1886 4631 1944 4700 via
1960 4652 2098 4701 mecum
2111 4633 2183 4704 fuit
2196 4637 2351 4703 nuncius

1360 4725 1658 4825 Anspcclsensis,
1691 4733 1754 4823 qui
1786 4734 1906 4803 attulit
1936 4733 2056 4803 literas
2083 4730 2167 4830 περὶ
2193 4731 2352 4831 &proice

1360 4830 1503 4927 τρείας,
1527 4856 1616 4927 quas
1634 4833 1716 4902 misi
1730 4832 1904 4923 Magistro
1919 4828 2055 4920 Paulo,
2080 4839 2124 4904 ad
2141 4858 2245 4928 quem
2262 4837 2353 4906 scri-

1360 4937 1416 5028 psi
1431 4951 1465 5006 et
1480 4939 1523 5006 de
1539 4935 1672 5026 patriae
1685 4938 1947 5023 controversiis,
1971 4952 2008 5009 et
2020 4938 2065 5007 de
2079 4938 2165 5007 aliis.
2206 4936 2352 5027 Quaeso

1361 5052 1401 5109 ut
1423 5038 1528 5109 nobis
1548 5040 1762 5130 respondeas
1776 5063 1840 5132 per
1857 5037 1952 5110 bunc
1969 5037 2205 5112 tabellarium.
2259 5040 2352 5111 Dedi

1362 5142 1394 5210 ci
1420 5165 1549 5212 novem
1572 5165 1720 5234 grossos.
1781 5138 1830 5213 Et
1852 5143 1967 5212 scribe
1990 5136 2035 5215 dc
2055 5142 2129 5212 filio
2151 5158 2187 5214 et
2203 5144 2296 5226 filia,
2322 5159 2352 5212 et

1363 5268 1594 5338 quaecunque
1616 5244 1687 5314 alia
1707 5244 1850 5336 putabis
1865 5245 1971 5335 digna
1989 5266 2065 5316 esse
2080 5245 2205 5319 literis.
2258 5243 2354 5316 Bene

1364 5347 1454 5417 vale.
1502 5347 1569 5417 Die
1584 5347 1647 5415 10.
1661 5343 1896 5437 Septembris,
1920 5339 2091 5443 Lipsiae.
