4776 6024
259 322 340 398 tot

266 490 334 562 No.
350 484 462 558 sets.

257 584 495 624 Μ
1073 479 1245 604 Q

660 662 842 752 Eidem.

326 852 346 918 ᾖ
366 847 404 901 ur
417 862 511 918 apogr.
529 841 558 896 in
569 800 633 895 cod.
646 837 732 893 Paris.
752 834 787 891 D.
801 838 834 893 L.
852 834 912 893 Μ’.

825 300 1266 386 urlsrooanuu
1316 290 1533 394 maus.
1587 305 1717 387 roos.

2219 304 2300 379 608

1308 480 1375 559 No.
1389 481 1502 559 5818.
2151 481 2299 604 Q

1305 578 1517 624 Μ

1559 664 1711 751 leucis.
1743 660 2023 751 Canrerario.

1372 841 1456 914 Epist.
1467 842 1500 896 ad
1517 842 1627 897 Camer.
1640 858 1668 913 p.
1674 837 1727 894 689
1734 857 1775 911 sq.
1793 836 1847 907 (ed.
1858 835 1950 892 Lond.
1965 835 2013 892 lib.
2024 834 2071 891 lV.
2085 854 2129 909 ep.
2145 835 2230 908 bib).

257 996 485 1078 GiariSSimo
502 998 598 1082 viro,
623 988 878 1066 eruditiones!
897 984 1255 1086 virluldpraesianli
1304 990 1529 1068 Clarissimo
1553 995 1632 1066 vito
1658 992 1862 1066 eruditione
1888 1002 1919 1064 el
1938 994 2067 1065 virtute
2086 997 2299 1094 praestanti

258 1104 312 1183 D.
337 1100 416 1177 Pet
427 1125 475 1173 ro
494 1097 696 1174 Vincerat
707 1094 762 1182 io,
784 1089 1012 1188 gubernanti
1024 1086 1153 1162 studia
1170 1087 1254 1161 lite-

260 1230 389 1281 rarum
405 1203 445 1274 in
464 1198 606 1297 inclyto
623 1193 817 1267 Saxoniae
833 1218 967 1266 corona
980 1188 1143 1273 Lubere,
1161 1190 1257 1292 sra-

619 1298 671 1369 tri
685 1321 754 1369 sao
768 1295 897 1369 eariss.

262 1442 313 1533 S.
336 1453 383 1527 D.
432 1447 637 1522 Clarissime
651 1445 708 1514 vir
723 1458 757 1514 et
779 1440 959 1513 carissime
980 1440 1100 1511 irater.
1153 1437 1258 1510 Nosti

267 1552 494 1629 dulcissimos
507 1570 630 1618 versus
647 1541 690 1644 ¹):

431 1678 530 1765 γέρων
549 1671 670 1761 γερόντι
691 1669 833 1755 γλῶτταν
852 1665 983 1753 ἡδίστην
1005 1664 1075 1752 iga,

435 1772 510 1837 παῖς
530 1761 634 1837 παιδὶ,
660 1758 710 1819 καὶ
734 1755 853 1839 γυναικὶ
874 1751 1054 1838 πρόςφορον
1074 1749 1163 1837 γονή,

429 1851 533 1910 νοσῶν
554 1866 588 1907 τε
609 1841 690 1921 ἀνὴρ
713 1845 875 1915 νοσοῦντι,
896 1840 947 1902 καὶ
969 1839 1142 1926 δοςνιραξίᾳ

432 1929 585 2014 ληφθεὶς,
614 1920 737 1999 ἐπωδός
758 1922 824 1986 ἔστι
845 1927 891 2009 τῷ
912 1921 1099 2008 πειρωμένῳ.

265 2054 418 2147 Utrique
440 2050 550 2139 igitur
570 2046 609 2114 in
629 2042 760 2114 nostris
775 2042 963 2114 doloribus
983 2041 1138 2134 aliquam
1163 2042 1260 2111 leva-

266 2159 403 2228 tionem
419 2152 585 2221 adlerunt
600 2143 789 2238 colloquia.
836 2141 955 2232 Quare
970 2136 1037 2211 hoc
1055 2155 1212 2234 tempore
1226 2156 1260 2212 et

266 2259 389 2348 flagito
404 2253 523 2322 literas
538 2248 732 2318 crebriores
748 2268 769 2314 a
783 2257 834 2328 te,
860 2256 896 2314 et
911 2243 1064 2312 scribam
1080 2245 1154 2334 ipse
1169 2269 1260 2336 quo-

267 2362 333 2430 ties
355 2353 493 2425 habebo
516 2349 719 2421 tabellarios
742 2360 865 2416 certos.
917 2340 995 2413 Oro
1012 2358 1130 2414 autem
1146 2345 1257 2415 filium

266 2456 355 2548 Dei,
382 2454 561 2525 custodem
580 2445 774 2530 Ecclesiae,
797 2459 839 2515 ut
852 2458 888 2515 et
901 2445 994 2514 vires
1011 2445 1169 2537 corporis
1194 2445 1260 2514 tibi

266 2559 447 2641 restituat,
474 2567 509 2624 et
523 2575 589 2620 nos
605 2550 644 2618 in
662 2543 728 2617 hac
742 2546 870 2616 militia
891 2547 1074 2636 gubernet.
1128 2545 1259 2636 Magna

268 2658 429 2755 pericula
453 2653 559 2726 ctiam
586 2648 756 2742 prodigiis
783 2647 1057 2722 denunciantur.
1107 2646 1174 2718 Die
1198 2647 1261 2720 26.

268 2760 369 2834 lunii
395 2759 435 2826 in
454 2750 655 2841 Thuringia
677 2751 716 2819 in
738 2749 871 2840 oppido
892 2747 1011 2818 Nebra
1039 2773 1113 2818 non
1138 2748 1262 2840 procul

247 2886 290 2937 :a
313 2859 461 2931 flumine
483 2853 654 2935 Unstrot,
685 2850 814 2920 mulier
837 2850 1010 2943 quaedam
1033 2872 1158 2940 magna
1181 2873 1261 2920 cum

270 2960 476 3035 difficultate
502 2954 667 3046 peperit,
689 2951 785 3020 edito
818 2950 954 3020 infante
988 2964 1103 3021 secuta
1138 2963 1191 3021 est
1221 2973 1262 3019 er

270 3077 374 3135 utero
396 3060 558 3138 flamma,
591 3077 681 3147 quae
709 3051 1071 3137 ambussitmatrem,
1104 3075 1180 3120 non
1203 3075 1264 3120 er-

270 3164 398 3247 tinxit,
430 3159 494 3229 sed
528 3180 610 3225 mor
639 3165 838 3243 correptum
868 3153 1042 3223 infantem
1074 3152 1264 3223 interfecit.

270 3263 433 3337 Flamma
446 3260 496 3330 sic
512 3257 646 3349 erupit,
670 3269 710 3325 ut
725 3252 864 3325 sonitus
886 3277 949 3324 ceu
971 3253 1068 3343 globi
1082 3253 1202 3324 emissi
1222 3276 1284 3323 ex·

271 3359 436 3437 machina
455 3384 553 3430 aerea
577 3359 767 3429 accederet.
816 3351 917 3426 Nihil
941 3355 1010 3445 legi
1036 3356 1171 3440 simile,
1202 3358 1263 3425 sed

272 3479 366 3538 certa
383 3460 530 3534 historia
546 3473 607 3532 est.
658 3454 736 3528 Oro
754 3454 866 3527 filium
884 3453 970 3542 Dei,
995 3470 1036 3528 ut
1058 3479 1191 3549 poenas
1213 3457 1264 3525 le-

272 3568 368 3647 niat,
409 3578 444 3635 et
475 3578 590 3632 servet
610 3557 788 3630 Ecclesiae
815 3583 902 3630 suae
929 3557 1110 3652 reliquias.
1167 3555 1264 3627 Bene

206 3652 702 3754 ,memnmm

953 3752 957 3757 ¹
1006 3745 1220 3854 Philippus.

280 3875 502 3895 Μ

309 4009 336 4077 l)
354 4003 500 4060 mnrrdri
513 4002 540 4055 ir
556 3997 688 4056 Brunclrii
703 3999 806 4058 Gnom.
825 4018 854 4073 p.
870 4000 929 4058 lm.

307 4090 339 4158 2)
356 4088 433 4156 iatri]
447 4085 573 4155 rescripsi
574 4101 638 4206 1pro
650 4083 740 4152 Ionii,
759 4101 845 4154 quum
859 4082 1013 4165 prodigium
1026 4082 1053 4140 d.
1064 4083 1187 4141 astanti
1198 4104 1265 4142 eve-

344 4156 414 4210 nisse
428 4159 540 4223 tegatur.
603 4173 618 4207 a
636 4152 685 4205 illo
699 4151 728 4205 in
750 4152 853 4224 pagella
876 4153 984 4222 publica
1001 4151 1124 4209 Rectoris
1137 4156 1266 4211 Academ.

348 4223 462 4275 Witeb.
477 4222 537 4276 data
553 4221 580 4277 d.
596 4222 637 4278 tt
652 4224 720 4291 Aug.
733 4224 816 4292 (quae
830 4220 944 4274 {ortam
958 4219 1163 4278 Melantbooem
1184 4222 1267 4278 babet

344 4301 486 4347 auctorem
514 4310 544 4344 ea
557 4290 591 4341 de
604 4308 633 4342 re
646 4289 712 4343 baec
724 4290 867 4359 legunturr
886 4324 906 4359 „
914 4287 965 4342 Die
977 4288 1048 4343 lunii
1063 4292 1106 4348 26.
1120 4292 1149 4346 in
1163 4311 1199 4365 cp
1219 4291 1265 4345 ido

343 4357 534 4433 „Thuringiae
549 4356 637 4410 Nebra
658 4356 757 4409 molier
773 4355 886 4411 honesta
904 4375 1002 4428 magna
1021 4374 1086 4413 cum
1105 4360 1199 4418 difficu
1214 4371 1266 4416 tate

344 4426 476 4500 „peperit
490 4427 583 4489 tiliam,
603 4441 656 4494 qua
670 4424 739 4478 edita
752 4443 815 4478 soor
828 4425 938 4480 tiammo
950 4446 979 4479 er
994 4429 1088 4482 matris
1099 4430 1163 4486 alvo
1176 4430 1266 4501 erupit

344 4514 434 4569 „eom
457 4492 566 4557 sonitu,
590 4490 677 4560 qualis
697 4490 728 4546 fit
748 4494 848 4548 emisso
873 4495 955 4564 globo
978 4515 1008 4548 er
1026 4515 1107 4551 aenea
1129 4498 1264 4552 machina.

344 4562 407 4635 „Ea
421 4560 531 4615 llamma
544 4560 593 4615 etsi
606 4562 825 4642 mrterpmbusta
839 4573 892 4628 est,
913 4574 1002 4643 munau
1018 4575 1127 4647 nonest
1139 4566 1265 4648 extincta.

344 4632 651 4773 :zlitsttttt'tt
666 4628 764 4766 2¹:3⁰2.
778 4628 1267 4773 latttttittttttttttzt

372 4768 496 4824 rari.''-
521 4763 752 4821 Commemoravit
766 4768 834 4821 banc
849 4785 905 4820 rem
915 4766 1086 4821 Camerarius
1099 4768 1126 4821 in
1143 4769 1193 4823 vita
1204 4772 1264 4822 Me·

344 4811 429 4895 lintb.
445 4845 472 4907 ς.
486 4838 527 4892 97.
546 4868 582 4883 -
616 4834 756 4908 Leguomr
778 4835 805 4888 in
824 4836 925 4904 „ttius
943 4836 1052 4954 ttottpeo
1073 4843 1123 4892 sut
1141 4840 1194 4893 ten
1216 4840 1265 4896 Ge.

344 4912 396 4967 δίον
416 4910 460 4963 ter
478 4910 586 4965 uatum
610 4915 662 4961 aas
674 4906 813 4971 brittanos
829 4905 879 4959 tls.
895 4902 938 4955 28.
961 4902 1009 4956 183
1027 4902 1053 4957 .'’
1071 4902 1151 4958 baeer
1176 4908 1264 4975 „man

345 4981 424 5037 duem
435 4978 584 5044 eteetrttdsm
599 4976 683 5030 &tote
701 4975 796 5043 erptbtt
814 4976 856 5026 tet
870 4970 973 5050 liberal
988 4968 1024 5023 du
1037 4970 1115 5025 Nord
1135 4974 1266 5043 fulgentes

346 5046 542 5109 natuturam:
563 5046 612 5102 Βῆ
626 5048 669 5098 tu
680 5042 850 5108 tiotttotsnp
866 5045 933 5094 orer
949 5052 1044 5108 tunam
1060 5038 1131 5108 &rau
1146 5052 1195 5100 cut
1207 5045 1264 5101 tlon

346 5129 397 5179 oco
415 5115 501 5177 ubtstt
516 5124 557 5168 scr
570 5112 763 5176 uetustatis-tter
780 5122 829 5163 noo
849 5113 903 5163 ten
918 5108 1042 5178 duabsu,
1062 5112 1165 5174 ueteres
1182 5129 1208 5170 er
1220 5130 1267 5183 gar

344 5186 417 5242 mett
432 5182 553 5249 sitrecte,
574 5182 626 5237 nir
641 5194 692 5235 roo
707 5182 786 5234 etnam
798 5178 948 5241 sslttctaotc,
972 5179 1025 5235 stne
1041 5180 1087 5234 tu
1107 5195 1157 5237 rou
1171 5185 1266 5240 electris

343 5256 406 5318 tusc
421 5251 628 5317 urtutttttuou.
666 5246 722 5303 θττ
734 5247 840 5313 ustam
853 5246 945 5301 tonsa
957 5250 1005 5312 aab
1019 5248 1053 5300 et
1066 5249 1190 5306 &tantm
1203 5257 1265 5322 trra

343 5320 716 5455 E'l‘fiml‘rlill‘llil
728 5314 1267 5449 “titillat‘ttt‘tt‘tt‘l‘lt

342 5404 792 5528 tnirllulitltttttssltmmdmte
805 5398 1036 5520 modestorum?
1106 5484 1112 5499 ι
1175 5404 1251 5459 Ν

1306 1092 1553 1170 lonchimo
1569 1092 1843 1171 Camerario
1855 1095 1984 1195 fratri
1999 1121 2069 1167 suo
2090 1097 2298 1180 carissimo,

1306 1247 1356 1337 S.
1374 1261 1417 1333 Ι).
1450 1257 1527 1331 Deo
1541 1274 1684 1331 aeterno
1701 1260 1793 1352 patri
1803 1256 1949 1330 Domini
1968 1262 2081 1331 nostri
2095 1260 2174 1333 lesu
2189 1259 2298 1334 Chri-

1308 1366 1352 1437 sti
1367 1362 1496 1455 gratias
1516 1384 1601 1452 ago,
1626 1363 1721 1455 qnod
1744 1376 1778 1432 te
1796 1375 1832 1431 et
1854 1362 2068 1432 incolumem
2087 1366 2239 1438 serravit
2258 1366 2296 1436 in

1310 1466 1449 1550 morbo,
1475 1477 1509 1534 et
1524 1463 1675 1555 protexit
1691 1464 1730 1532 in
1743 1462 1880 1548 itinere,
1902 1476 1937 1533 et
1949 1464 2103 1535 restituit
2118 1462 2297 1538 Ecclesiae

1309 1581 1389 1639 tuae
1401 1567 1623 1646 domesticae,
1651 1577 1686 1635 et
1702 1588 1783 1634 eum
1796 1589 1859 1634 oro
1878 1577 1950 1634 toto
1966 1580 2117 1656 pectore,
2137 1581 2177 1637 ut
2193 1570 2298 1638 ‹lein-

1310 1692 1389 1760 ceps
1405 1691 1470 1735 nos
1483 1681 1598 1737 servet
1613 1681 1646 1736 et
1663 1667 1844 1754 gubernet.
1897 1663 1974 1735 Nisi
1988 1689 2084 1758 spem
2108 1670 2214 1738 nobis
2234 1676 2298 1740 ad-

1310 1783 1436 1840 ventus
1457 1769 1510 1838 tui
1539 1768 1697 1848 fecisses,
1730 1766 1805 1858 ipse
1833 1767 1924 1838 istuc
1951 1773 2166 1853 accederem,
2198 1775 2298 1862 quod

1311 1885 1429 1940 tamen
1449 1870 1523 1953 fiet,
1564 1869 1593 1938 si
1618 1866 1894 1958 Noribergenses
1924 1868 2043 1939 solent
2072 1869 2222 1940 iudicari
2252 1875 2299 1942 dn

1300 1969 1559 2042 controversiis
1574 1993 1658 2040 suae
1673 1967 1860 2043 Ecclesiae.

1406 2067 1794 2142 ConcionumAscanii
1806 2072 1961 2160 exempla
1977 2087 2059 2143 aute
2073 2073 2210 2166 aliquot
2223 2075 2300 2144 dies

1311 2172 1394 2241 dedi
1414 2172 1547 2241 nuncio
1573 2171 1808 2264 proficiscenti
1832 2172 1871 2239 in
1889 2169 2041 2243 Dauiam
2061 2172 2098 2268 ¹).
2150 2175 2221 2246 Sed
2245 2193 2300 2247 ta·

1314 2297 1394 2341 rnen
1426 2286 1565 2363 gustum
1596 2287 1648 2343 est
1679 2273 1783 2343 nobis
1811 2298 1942 2343 munus
1969 2290 2088 2357 tuum,
2126 2276 2227 2346 mitto
2253 2279 2300 2349 de

1312 2374 1433 2467 eclipsi
1454 2374 1714 2468 qualescunque
1738 2397 1869 2444 versus.
1920 2374 1978 2446 'l'u
2004 2376 2033 2445 si
2060 2379 2156 2445 dumi
2177 2380 2301 2448 fuisses

1314 2476 1483 2546 edidisses
1501 2497 1660 2564 graecam
1675 2476 1947 2567 descriptionem
1967 2478 2160 2553 naeliorem.

1413 2575 1484 2648 Sed
1501 2577 1589 2646 scito
1606 2578 1674 2646 iam
1688 2570 1883 2646 Tunicam
1894 2575 2104 2673 Tyrarnmm
2120 2604 2299 2650 reversum

1313 2678 1352 2746 in
1370 2674 1554 2767 Europam
1581 2679 1718 2748 dedisse
1741 2683 1905 2749 mandata
1930 2682 1975 2749 de
1999 2680 2072 2750 lilio
2095 2676 2301 2766 lobannis,

1314 2793 1348 2849 'et
1372 2781 1538 2849 accedent
1560 2780 1650 2849 bella
1669 2777 1826 2877 Gallica,
1858 2795 1892 2852 et
1919 2796 2037 2852 metuo
2061 2785 2220 2875 prodigia
2236 2780 2300 2854 ba·

1315 2905 1394 2949 rum
1411 2880 1607 2969 regionum.

1415 2978 1470 3051 De
1484 2974 1612 3055 Nebra
1626 2995 1760 3053 certum
1785 2995 1853 3069 est,
1878 2982 1930 3053 ibi
1952 2984 2164 3056 infantulam
2183 3000 2302 3058 natam

1315 3082 1456 3153 flamma
1474 3082 1662 3152 extinctam
1678 3105 1764 3166 esse,
1790 3107 1881 3178 quae
1895 3101 2056 3177 eruperat
2074 3112 2114 3157 er
2130 3089 2209 3158 alvo
2226 3114 2302 3159 ma-

1316 3183 1391 3255 tris,
1449 3180 1552 3253 Nihil
1584 3184 1698 3253 simile
1730 3185 1898 3275 legimus,
1944 3190 2001 3257 sed
2037 3191 2304 3261 meminerimus

1316 3285 1412 3354 vocis
1445 3285 1604 3354 divinae:
1639 3297 1779 3355 tantum
1811 3310 1831 3354 a
1864 3284 1940 3356 Deo
1966 3289 2058 3357 salus
2087 3306 2205 3361 nostra
2236 3306 2301 3362 est.

1317 3383 1474 3456 Exitium
1491 3411 1509 3454 a
1528 3386 1657 3458 nostris
1671 3388 1861 3457 sceleribus
1877 3388 2000 3462 oritur.

1418 3481 1585 3556 Sabinus
1608 3488 1760 3559 mittitur
1783 3489 1916 3578 legatus
1936 3479 1980 3558 ad
1998 3488 2127 3580 Regem
2148 3490 2304 3562 Poloni-

1319 3612 1400 3659 cum
1432 3583 1527 3681 ὑπὲρ
1560 3593 1630 3661 τοῦ
1700 3584 1977 3688 υγαδευθέντος
2013 3587 2203 3691 ἀπογόνου
2233 3603 2304 3671 τοῦ

1319 3687 1491 3781 ἀχιλλὲως
1506 3688 1559 3787 ²),
1587 3685 1638 3771 ὥς
1662 3615 1774 3763 best.
1802 3694 1865 3761 etsi
1882 3689 1975 3764 nihil
1990 3696 2137 3769 affirmo.
2189 3691 2304 3767 Mat-

1319 3785 1424 3861 thias
1447 3788 1620 3887 divtoe')
1646 3816 1763 3883 nuper
1790 3808 1967 3881 mortuus,
1996 3798 2154 3866 fortassis
2171 3799 2241 3867 iam
2267 3801 2306 3870 in

1320 3894 1444 3988 cymba
1466 3917 1546 3962 cum
1561 3889 1741 3967 Charonte
1762 3894 1927 3985 disputat.
1979 3892 2077 3965 Bene
2103 3913 2137 3970 et
2158 3901 2307 3972 feliciter

1320 3994 1416 4079 vale,
1442 3995 1501 4063 die
1515 3999 1579 4089 τῆς
1593 3987 1836 4096 μαργοὶριδος.
1867 3988 1870 3992 ’

1462 4127 1464 4131 ’
1714 4094 1719 4103 ’
2058 4097 2256 4194 Philippus·

1673 4319 2313 4345 mm

1317 4470 1385 4544 No.
1405 4466 1517 4545 5814.
1561 4566 1564 4570 ῃ

1326 4566 1538 4605 Μ

2183 4479 2309 4550 salut

2170 4573 2308 4601 w

1665 4662 1723 4747 11.
1754 4660 1962 4748 Wellero.
2007 4742 2010 4747 .

1388 4835 1478 4907 epos
1494 4835 1541 4892 aas.
1556 4832 1590 4893 u
1606 4856 1634 4908 ρ.
1650 4838 1712 4892 sss.
1729 4839 1785 4907 (aa.
1803 4837 1892 4894 tona.
1911 4840 1958 4894 tau
1972 4839 2004 4895 u.
2026 4856 2067 4910 ep.
2079 4838 2160 4905 usa.

1321 4978 1547 4993 W

1355 5084 1385 5151 1)
1388 5080 1649 5209 allodialnfflii
1667 5038 1816 5209 c'pncisdues
1838 5086 1891 5141 lsoc
1910 5104 1996 5168 aurp,
2013 5084 2070 5183 ¹red
2090 5082 2230 5209 pffiesstiz
2246 5089 2314 5146 stet.

1388 5164 1449 5275 noli
1463 5163 1599 5292 iilegium
1614 5240 1650 5277 νο
1664 5162 1745 5275 dmen
1754 5156 2313 5294 ,uiddlidliirirvpiiiiiil’aliqeosilmiiii:

1388 5288 1479 5359 operis
1494 5289 1618 5343 noudum
1635 5290 1762 5347 absoluti.

1352 5374 1381 5443 2)
1401 5373 1465 5429 tlt».
1482 5372 1590 5430 March.

1353 5458 1384 5530 l)
1399 5456 1595 5515 hunaldi.
