4776 6024
734 253 1171 361 nrtsromuun

999 433 1171 552 Q

175 256 253 332 517

187 430 258 502 No.
271 425 384 502 5659.

185 528 398 565 Μ

263 573 264 577 i
448 627 516 712 Io.
547 628 904 719 Anaterdomia.

246 808 327 864 Etis·
350 807 380 859 in
401 804 518 866 Peuceri
535 815 613 861 treet.
632 804 692 860 bist.
718 826 745 878 p.
759 806 802 861 91.
852 809 954 863 lterum
974 828 989 862 a
1008 809 1117 865 Perelio
1138 812 1168 865 in

280 875 402 947 epistolis
423 874 491 928 Met.
511 874 546 929 ad
563 874 747 948 Hardenberg.
765 897 808 948 ep.
822 877 864 934 57.
890 905 924 919 ·-
965 877 1078 933 Contuli
1096 897 1167 952 apo·

278 945 402 1018 graphan
416 944 556 1016 antiquiss.
569 945 597 998 in
612 945 674 1000 cod·
690 945 820 1017 cyprian.

174 1114 388 1194 Reverendo
410 1118 505 1200 ciro,
532 1113 734 1188 eruditione
756 1130 787 1189 et
805 1120 935 1191 virtute
946 1123 1166 1219 praestanti,

175 1222 230 1295 D.
253 1220 436 1294 Ioanni
458 1216 822 1304 Amsterdamio,
868 1219 1011 1293 docenti
1032 1223 1165 1294 Evan-

175 1324 315 1422 geliam
347 1326 386 1396 in
412 1320 583 1393 Ecclesia
609 1318 821 1403 Bremensi,
862 1325 981 1395 amico
1012 1352 1080 1396 suo
1107 1352 1166 1397 co-

616 1422 734 1496 leudo.

179 1565 228 1652 S·
255 1580 300 1651 D.
350 1575 559 1649 Reverende
574 1576 630 1643 vir
647 1590 682 1646 et
697 1578 806 1648 amice
823 1579 1012 1651 carissime.
1053 1579 1164 1671 Saepe

175 1683 319 1754 intuens
341 1675 438 1750 hunc
451 1675 574 1748 Albim
590 1693 767 1763 nostrum,
790 1681 926 1769 cogito,
950 1706 1025 1750 non
1042 1681 1071 1749 si
1085 1694 1165 1751 tan-

176 1800 251 1855 tum
280 1784 469 1852 funderem
498 1780 731 1875 lacrymarum
761 1797 931 1876 quantum
955 1776 1015 1852 hie
1034 1782 1164 1852 fluvius

176 1887 356 1957 undarum
378 1878 496 1964 vehit,
527 1877 707 1952 exhauriri
730 1908 846 1953 meum
871 1885 1031 1953 dolorem
1053 1908 1164 1976 posse,

176 2011 283 2082 quem
300 1984 423 2057 multis
436 1985 538 2054 annis
553 1984 761 2054 circumfero
777 1985 816 2054 in
829 1999 970 2077 pectore
980 1983 1007 2081 ¹)
1022 2001 1165 2078 propter

176 2088 362 2159 dissidium
379 2089 423 2156 de
439 2110 545 2156 coena
561 2088 717 2167 domini,
738 2089 860 2179 inquo
876 2100 946 2156 tam
963 2089 1074 2158 multa
1091 2091 1163 2158 dis-

175 2203 347 2284 putantur
370 2203 467 2260 extra
490 2212 640 2262 causam.
694 2187 735 2257 ln
759 2213 825 2258 usu
847 2214 929 2259 vere
952 2205 987 2260 et
999 2192 1164 2259 substan-

175 2293 307 2365 tialiter
329 2293 429 2362 adest
441 2286 622 2375 Christus,
656 2304 690 2360 et
716 2308 767 2359 est
783 2291 903 2361 efficax
923 2292 962 2359 in
979 2316 1060 2361 vera
1078 2316 1164 2360 con-

179 2395 362 2464 solatione.
409 2391 485 2464 Cur
507 2404 697 2461 moventur
719 2394 969 2485 disputationis
991 2395 1030 2462 in
1046 2394 1162 2463 inelu-

180 2499 280 2566 sione
300 2507 392 2566 extra
416 2496 542 2566 usum?
600 2492 719 2564 Doceo
742 2496 862 2564 eadem
886 2519 976 2588 quae
997 2497 1165 2585 legantur

177 2599 218 2666 in
238 2599 326 2666 meis
347 2596 501 2690 scriptis,
537 2612 569 2666 et
593 2597 630 2663 in
657 2622 732 2665 eam
753 2598 963 2666 sententiam
984 2599 1052 2667 fuit
1073 2600 1162 2667 facta

175 2702 329 2772 formula
353 2700 561 2770 concordiae
578 2693 608 2789 ²)
635 2712 715 2768 ante
740 2722 852 2767 annos
868 2695 953 2788 16³)
976 2699 1069 2769 inter
1090 2698 1163 2768 Lu-

174 2798 317 2873 themm
351 2815 385 2872 et
416 2801 548 2871 multos
571 2801 631 2894 qui
666 2825 706 2869 ex
722 2795 752 2893 ⁴)
778 2798 945 2871 Ecclesiis
971 2801 1163 2893 superioris

176 2898 391 2993 Germaniae
413 2896 484 2972 huc
505 2904 732 2974 advenerant.
783 2900 899 2972 Deum
922 2928 1006 2988 oro,
1034 2917 1075 2974 ut
1099 2926 1164 2972 nos

176 3026 300 3076 omnes
322 3005 507 3096 gubernet.
566 3001 597 3099 †
622 3002 733 3095 Spero
755 3005 828 3073 filio
853 3018 916 3074 tuo
940 3006 1057 3075 studia
1071 3001 1164 3075 Aca·
1196 3036 1201 3044 ‘⁴

178 3095 314 3178 demiae
331 3107 516 3198 protutura
531 3107 621 3176 esse''
636 3103 674 3199 ³).
726 3105 823 3175 Bene
841 3121 875 3176 et
888 3108 1061 3178 foeliciter
1078 3109 1164 3176 vale.

176 3206 321 3283 Calend.
339 3209 538 3300 Septembr.
591 3208 697 3278 Mitto
712 3209 778 3277 tibi
794 3210 946 3299 pagellas
962 3203 1002 3303 ⁶).

686 3323 874 3420 Philippus
887 3324 1112 3399 Melanthea.

1233 256 1340 334 LlB.
1365 257 1449 335 xtt.
1503 256 1634 337 1554.
2144 275 2220 347 838

1223 418 1431 499 Carissimo
1458 428 1552 512 ciro,
1593 429 1789 500 nobilitate
1809 435 1974 526 generis,
2014 437 2216 514 eruditione

1222 538 1254 598 et
1288 528 1416 600 virtute
1449 532 1674 626 praestanti,
1716 529 1885 605 Domino
1917 535 2214 638 Hieronymo

1222 656 1247 699 a
1288 623 1674 714 Commerstaedt,
1725 637 1762 708 S.
1795 637 1838 707 D.
1876 632 2079 738 Philippus
2120 641 2212 716 Me·

1631 730 1801 807 lanchen.

1218 871 1460 955 Manifestum
1487 902 1556 972 est,
1596 889 1825 963 necessariam
1852 913 1926 963 esse
1951 888 2128 966 Ecclesiae
2152 902 2209 968 dei

1219 987 1307 1056 anni
1328 988 1519 1073 rationem,
1551 1013 1698 1083 eamque
1718 992 1918 1061 doctrinam
1937 992 2020 1064 inde
2037 1021 2148 1091 usque
2165 1002 2211 1073 ab

1220 1088 1321 1158 initio
1346 1090 1484 1178 generis
1507 1085 1656 1161 humani
1678 1093 1716 1159 in
1739 1093 1814 1162 sola
1835 1089 1993 1166 Ecclesia
2016 1102 2208 1172 rectissime

1219 1204 1461 1261 conservatam
1485 1206 1520 1261 et
1542 1208 1769 1285 propagatam
1792 1218 1876 1268 esse.
1928 1195 2121 1271 Constituit
2140 1229 2206 1273 vox

1218 1293 1339 1361 divina
1363 1308 1473 1362 metas
1493 1295 1579 1362 anni
1596 1309 1630 1364 et
1643 1295 1804 1366 attribuit
1821 1298 2004 1368 mensibus
2022 1301 2207 1372 distinctos

1217 1395 1308 1464 ritus
1324 1408 1497 1464 certarum
1514 1397 1810 1484 significationum
1830 1422 1944 1472 causa.
1996 1398 2085 1471 Erat
2100 1404 2208 1493 igitur

1217 1511 1252 1565 et
1274 1497 1465 1564 necessaria
1486 1512 1520 1565 et
1534 1499 1590 1587 pia
1610 1498 1812 1567 coelestium
1829 1512 1990 1569 motuum
2005 1504 2207 1575 considera-

1216 1596 1289 1680 tio,
1315 1621 1404 1689 quae
1425 1598 1623 1667 doctrinam
1641 1594 1897 1668 arithmeticam
1914 1615 1945 1670 et
1960 1606 2206 1691 geometricam

1217 1699 1473 1791 complectitur.

1317 1846 1373 1917 Eo
1397 1849 1500 1917 etiam
1528 1851 1642 1918 voluit
1665 1851 1751 1918 deus
1775 1852 1856 1919 sciri
1879 1877 2055 1924 annorum
2070 1861 2207 1944 seriem,

1217 1966 1255 2022 ut
1279 1964 1362 2019 nota
1386 1964 1501 2018 essent
1527 1951 1629 2019 initia
1655 1951 1794 2038 generis
1820 1948 1987 2041 humani,
2019 1973 2053 2028 et
2076 1961 2206 2031 deinde

1216 2068 1373 2143 tempora
1390 2051 1662 2139 patefactionum
1676 2053 1891 2123 divinarum.
1933 2057 2097 2152 Denique
2111 2065 2205 2131 mul-

1216 2171 1271 2225 tae
1290 2176 1436 2240 magnae
1459 2176 1581 2221 causae
1600 2167 1705 2238 suut,
1731 2179 1838 2247 quare
1856 2158 2028 2248 distingui
2046 2176 2204 2254 tempora

1216 2271 1250 2326 et
1264 2278 1452 2325 numerum
1470 2280 1647 2324 annorum
1664 2257 1828 2324 annotari
1843 2259 1969 2331 voluit.
2010 2260 2107 2332 Haec
2125 2290 2204 2335 cum

1215 2358 1286 2427 sint
1301 2357 1500 2440 verissima,
1523 2358 1577 2425 fui
1590 2354 1750 2427 hortator
1764 2358 1966 2431 iunioribus
1980 2365 2024 2431 ad
2039 2366 2205 2437 discenda

1215 2460 1318 2529 initia
1336 2455 1465 2527 barum
1480 2459 1627 2541 artium,
1653 2455 1894 2530 arithmeticae
1911 2476 1946 2532 et
1962 2465 2143 2536 doctrinae
2161 2473 2205 2537 de

1215 2585 1330 2641 anno,
1361 2584 1470 2651 quae,
1506 2573 1543 2629 ut
1560 2558 1660 2630 Plato
1682 2561 1821 2652 inquit,
1846 2563 1994 2634 minime
2008 2583 2138 2639 nocent
2154 2571 2205 2638 ci-

1215 2663 1396 2732 vitatibus.
1455 2659 1582 2731 Fateor
1608 2663 1713 2730 etiam
1740 2685 1794 2730 me
1820 2665 1869 2733 sic
1895 2668 2045 2751 sentire,
2080 2670 2205 2740 utilem

1216 2787 1288 2834 esse
1305 2764 1483 2832 iuventuti
1502 2763 1539 2831 in
1559 2759 1714 2832 Ecclesia
1731 2765 1943 2836 mediocrem
1959 2764 2206 2861 philosophiae

1216 2866 1471 2955 cognitionem,
1505 2889 1594 2956 quae
1621 2890 1696 2935 non
1723 2865 1767 2935 sit
1789 2869 1930 2955 garrula
1952 2884 1988 2941 et
2008 2871 2126 2942 inanis
2145 2894 2208 2943 soc

1217 2963 1397 3065 phistica,
1418 2969 1480 3034 sed
1502 2980 1683 3060 utcunque
1706 2969 1857 3038 deducat
1877 2985 2012 3041 mentes
2026 2976 2072 3042 ad
2087 2976 2206 3044 consi·

1217 3069 1435 3142 demtionem
1450 3081 1615 3147 naturae,
1645 3082 1679 3138 et
1698 3070 1744 3138 sit
1759 3075 2050 3144 commonefactio
2066 3078 2111 3145 de
2127 3079 2206 3147 deo.

1215 3168 1392 3241 Existimo
1414 3170 1518 3240 etiam
1544 3170 1721 3240 nemiuem
1754 3174 1842 3243 adeo
1863 3175 2038 3257 insanire,
2065 3193 2105 3247 ut
2119 3178 2206 3248 velit

1217 3274 1302 3342 artis
1327 3274 1481 3342 medicae
1507 3273 1705 3343 doctrinam
1729 3274 1859 3358 deleri,
1891 3301 1980 3369 quae
2002 3291 2053 3346 est
2071 3281 2206 3367 praeci-

1217 3399 1286 3465 pua
1308 3399 1389 3465 pars
1412 3370 1666 3466 philosophiae.
1719 3371 1761 3443 ln
1786 3399 1824 3444 ea
1849 3390 1948 3483 parte
1971 3401 2051 3446 cum
2065 3381 2109 3448 de
2128 3403 2207 3449 cor-

1218 3500 1345 3567 porum
1370 3475 1457 3543 crasi
1482 3476 1613 3544 dicitur
1626 3490 1660 3544 et
1678 3477 1829 3544 dea'e‘ris
1844 3501 1884 3544 ac
1899 3479 2085 3568 regionum
2101 3481 2206 3551 dissi-

1218 3575 1441 3659 militudine,
1475 3575 1579 3643 etiam
1596 3573 1849 3665 Hippocrates,
1880 3576 2021 3650 Diocles
2047 3598 2080 3652 et
2097 3579 2206 3652 Gale-

1155 3748 1162 3762 ,
1217 3699 1285 3746 nus
1302 3675 1477 3757 iudicant,
1506 3675 1598 3743 inter
1615 3700 1672 3744 eas
1687 3699 1820 3761 causas,
1842 3702 1933 3769 quae
1948 3684 2043 3749 varie
2058 3684 2205 3752 miscent

375 3906 501 3991 Hier.
530 3932 560 3987 a
591 3903 961 3993 Commerstaedt.

245 4062 531 4187 Ebibi²miiiii³ii
550 4060 1165 4201 littt..i.t⁰tl.tttttltt⁸¹’ltattffltt

277 4203 304 4256 8.
340 4200 427 4253 Etiam
446 4199 546 4269 legitur
558 4201 585 4251 in
599 4198 761 4253 Declamatt.
775 4198 822 4255 lV.
844 4218 870 4270 p,
886 4201 945 4257 380,
964 4233 999 4245 -
1035 4202 1162 4258 1)er-

278 4269 315 4326 cli
337 4270 409 4324 libro
432 4270 485 4322 vid.
503 4288 582 4341 supra
602 4288 644 4339 ep.
665 4269 692 4322 d.
707 4267 733 4320 d.
757 4271 797 4324 14.
817 4271 904 4326 Decb.
924 4271 998 4327 1555.

210 4509 236 4570 tt
254 4507 284 4558 in
299 4508 422 4571 pectore)
442 4503 517 4557 nteit
536 4504 597 4557 eod.
614 4503 741 4574 Cypriae.

208 4607 236 4674 1)
255 4608 325 4663 treta
344 4604 526 4676 Witebergae
547 4605 625 4658 1536.

210 4710 239 4778 5)
264 4709 325 4765 Pes.
349 4709 478 4763 sedecim.
526 4707 604 4760 Solet
628 4706 785 4759 Melantbon
809 4725 895 4760 annos
921 4726 977 4759 non
1005 4708 1090 4761 literis
1115 4709 1161 4763 sed

247 4779 383 4846 numeris,
407 4778 557 4849 etquidem
577 4794 634 4829 non
654 4778 774 4828 romanis
790 4778 835 4830 sed
854 4779 1015 4846 gernsanieis
1033 4780 1162 4834 scribere.

246 4847 421 4902 Putoillum
446 4848 582 4918 scripsisse
604 4850 652 4909 18.
687 4845 798 4926 (etenim
820 4865 893 4898 anno
914 4846 989 4899 1551.
1007 4846 1106 4917 scripta
1123 4855 1163 4900 est

244 4916 456 5040 epistola).dsed
475 4916 669 5038 εΙίιιιιΙειηιιριοι
684 4915 714 4993 18
733 4915 826 5035 'idme
847 4918 891 4976 10,
921 4916 995 4983 qood
1013 4917 1111 4969 deinde
1129 4915 1161 4968 ab

242 5005 297 5040 ato
315 5005 394 5040 emen
415 4998 489 5040 etum
508 5004 600 5038 settee
629 5003 657 5037 es
686 5002 716 5036 ιιι
772 5017 779 5030 ·
1068 5026 1071 5032 ,

208 5087 238 5153 4)
256 5087 344 5143 Peuc.
362 5085 453 5143 babet:
478 5105 509 5140 ex
527 5087 589 5143 XX.

208 5190 238 5253 5)
256 5192 348 5257 Spero
365 5195 431 5256 etc]
449 5206 508 5241 non
526 5189 624 5243 babent
642 5185 705 5242 libri
723 5184 854 5256 impressi.

208 5293 240 5359 6)
256 5292 341 5347 Peuc.
360 5290 450 5346 addite
473 5290 645 5344 ann01552.
679 5290 710 5342 ln
722 5286 817 5344 codice
831 5285 994 5355 adscriptum
1008 5298 1062 5342 est:
1082 5307 1162 5344 anno

243 5360 334 5428 test,
359 5372 387 5414 ct
404 5370 493 5428 recte,
524 5370 553 5413 ut
572 5357 732 5429 intelligitur
750 5374 781 5409 er
800 5355 910 5428 epistola
928 5354 962 5409 ed
981 5356 1162 5413 ttertentsr.

242 5430 319 5501 ,sem
339 5429 367 5484 a.
383 5429 428 5484 29.
447 5431 521 5500 sug.
540 5429 618 5484 test.

173 5508 353 5574 Marassa.
380 5508 485 5576 Orrn.
511 5507 595 5574 Vos.
621 5501 714 5573 Vlll.

1217 3780 1510 3869 temperamenta,
1543 3800 1753 3847 concurrere
1776 3794 1893 3850 motus
1916 3782 2083 3850 coelestes
2099 3784 2206 3854 etlu-

1216 3905 1299 3948 men
1320 3878 1514 3950 stellarum.
1572 3876 1620 3949 Et
1639 3893 1722 3949 suut
1750 3881 1825 3950 eius
1845 3881 1894 3949 rei
1918 3884 2029 3953 multa
2053 3884 2205 3954 illustria

1217 3981 1417 4053 testimonia
1434 3982 1472 4050 in
1492 3982 1689 4066 elementis,
1715 3981 1753 4049 in
1771 3982 1913 4071 plantis,
1941 3983 1979 4050 in
1996 3985 2205 4075 corporibus

1217 4081 1417 4156 hominum.
1468 4082 1547 4151 Hoc
1563 4107 1642 4153 cum
1659 4085 1857 4152 verecunde
1871 4083 2022 4154 dicimus
2037 4100 2071 4156 et
2084 4100 2204 4157 osten-

1216 4187 1350 4272 dimus,
1376 4185 1657 4254 consideratione
1679 4197 1840 4254 motuum
1859 4187 2059 4256 confirmari
2078 4191 2206 4258 adsen-

1216 4289 1351 4357 sionem
1368 4290 1412 4356 de
1428 4285 1669 4377 providentia,
1694 4299 1858 4357 accusant
1876 4311 1941 4357 nos
1960 4291 2106 4382 quidam
2123 4315 2204 4379 μω-

1216 4384 1368 4481 ρόκακοι
1399 4387 1563 4458 atrociter
1591 4411 1631 4455 ac
1657 4389 1917 4474 vociferantur,
1960 4415 2025 4460 nos
2052 4393 2203 4461 invitare

1216 4487 1403 4559 hominum
1436 4489 1553 4561 studia
1586 4490 1630 4557 ad
1655 4493 1873 4583 quaerendas
1896 4494 2079 4565 damnatas
2101 4517 2204 4585 prae·

1215 4592 1397 4661 dictiones.
1450 4588 1541 4660 Cum
1574 4605 1690 4662 autem
1725 4588 1817 4663 hanc
1850 4595 2072 4665 manifestam
2105 4596 2204 4665 calu-

1214 4693 1349 4762 mniam
1369 4717 1472 4783 saepe
1487 4694 1757 4764 refutaverimus
1773 4707 1806 4764 et
1820 4696 1948 4765 diserte
1962 4697 2203 4769 discernamus

1215 4790 1377 4890 physicas
1403 4795 1604 4865 effectiones
1627 4797 1666 4866 in
1687 4798 1896 4888 corporibus
1919 4797 1963 4865 ab
1989 4798 2069 4868 aliis
2089 4798 2203 4870 causis

1215 4899 1393 4968 actionum
1414 4910 1448 4966 et
1469 4913 1658 4969 eventuum
1680 4913 1713 4967 et
1732 4923 1750 4966 a
1767 4897 2087 4988 praedictionibus,
2111 4922 2202 4992 quae

1214 5023 1288 5069 non
1308 5012 1392 5069 sunt
1412 4995 1594 5094 physicae,
1627 5014 1662 5069 et
1683 4993 1886 5081 hortemur,
1920 5012 1960 5069 ut
1981 5003 2201 5071 considerata

1214 5101 1418 5170 infirmitate
1440 5093 1596 5170 humana
1621 5112 1743 5190 petant
1769 5121 1891 5169 omnes
1916 5102 1991 5191 regi
2016 5127 2052 5172 se
2077 5125 2097 5170 a
2124 5101 2202 5184 deo,

1214 5225 1289 5270 non
1311 5222 1450 5271 necesse
1471 5213 1542 5285 est,
1576 5222 1673 5268 nunc
1695 5213 1853 5292 repetere
1872 5216 2009 5274 nostras
2023 5202 2201 5272 detensio-

1213 5326 1287 5375 nes.
1338 5299 1529 5390 lndulgeut
1548 5300 1649 5373 odiis¹
1663 5301 1742 5389 isti,
1767 5326 1833 5373 nec
1855 5304 2042 5396 plectimur
2057 5297 2199 5376 noscitis

1212 5400 1282 5498 τὴν
1297 5397 1411 5484 ποδὸς
1423 5394 1517 5498 apic
1527 5394 1649 5496 λύραν
1665 5398 1864 5501 ἁμαρτίαν.
