4776 6024
166 255 243 340 ast
753 227 1185 312 sets'sotaltuu
1233 232 1445 315 1118.le
1501 230 1632 315 1666.
2128 224 2211 304 628

167 429 262 516 legas
276 423 427 501 litteras,
450 436 538 507 quas
554 412 668 484 mitto.
716 406 771 481 De
793 407 1032 480 mediocribus
1044 406 1155 475 mira·
1210 409 1447 493 consideravi,
1471 433 1512 479 eo
1531 409 1640 498 magis
1658 432 1737 478 eum
1753 406 1879 489 dilexi,
1906 420 1939 473 et
1956 403 2108 492 diligam
2120 402 2207 473 ubi-

168 544 225 601 tus
240 549 319 596 sum
332 532 404 591 tam
421 538 577 586 severam
594 514 693 583 aulae
709 534 906 592 censuram,
928 533 1017 603 quae
1035 508 1065 577 si
1083 529 1159 577 non
1212 534 1353 604 cunque
1376 513 1450 581 erit
1505 509 1586 581 Scio
1610 535 1690 579 eum
1713 509 1818 577 tatem
1836 529 1925 589 esse,
1951 501 2128 598 quatesin
2144 529 2209 572 ve-

170 629 302 700 tribuet
315 622 434 692 locum
449 617 707 700 mediocribus,
727 616 770 684 de
785 639 843 683 me
859 613 944 708 quid
964 609 1048 681 fiet?
1087 607 1160 677 Ve-
1213 613 1278 683 teri
1302 635 1405 682 versu
1426 613 1676 683 describuntur
1698 610 1766 679 viri
1787 607 1893 688 boni,
1925 604 2027 678 ἅπαν
2050 603 2094 677 τὸ
2115 630 2211 702 χρη·

170 730 265 801 niam
283 725 328 794 ad
345 744 428 806 vos,
454 719 531 790 Deo
548 719 709 802 iuvante,
733 740 814 793 cum
830 715 1011 786 vocabitis.
1063 710 1163 781 Rene
1214 710 1305 786 στὸν
1318 709 1388 804 τὴν
1404 713 1488 806 ἴσην
1503 711 1573 806 ἔχει
1590 707 1717 810 φύσιν.
1754 708 2096 784 Beneventano.
2141 706 2212 777 Die

149 831 268 914 nale,
292 825 339 900 X.
352 820 428 897 Cal.
444 821 541 913 Sept.
1214 840 1285 909 quo
1310 814 1507 886 celebratur
1529 816 1697 886 memoria
1716 807 1936 906 Augustini,
1962 811 2023 904 qui
2045 823 2212 880 mortuus

1215 931 1268 989 est
1283 942 1378 988 auno
1395 918 1516 987 aetatis
1532 940 1614 987 sarae
1624 920 1685 992 76.
1701 939 1796 986 anno
1814 938 1834 982 a
1851 913 1959 982 natali
1973 906 2213 983 Christilsso.

1216 1044 1295 1089 cum
1325 1020 1497 1088 decennio
1528 1034 1608 1090 ante
1638 1033 1800 1088 mortuus
1829 1027 1921 1086 esset
1945 1011 2214 1108 Hieronymus,

1215 1145 1310 1191 anuo
1328 1145 1345 1189 a
1364 1119 1480 1190 Natali
1499 1115 1632 1190 Christi
1652 1120 1737 1192 420.
1761 1117 1885 1187 aetatis
1900 1133 2019 1187 autem
2042 1140 2129 1186 suae
2144 1141 2214 1185 no·

1215 1223 1395 1312 nogesimo
1429 1222 1561 1312 primo:
1604 1219 1742 1292 Horum
1776 1221 1933 1288 virorum
1972 1219 2141 1286 memoria
2180 1233 2216 1286 te

1217 1349 1360 1419 quoque
1375 1324 1541 1394 delectari
1559 1325 1721 1396 arbitror.

863 913 1061 1009 Philippus.

177 1152 367 1170 Μ
377 1155 381 1161 ·

174 1296 240 1368 No.
255 1290 366 1365 6066.

179 1390 352 1424 Μ

997 1295 1057 1358 28.
1070 1286 1155 1369 Aug.

989 1379 1161 1410 M!

417 1487 603 1577 Sedala
633 1485 909 1599 Alduspina.

244 1669 343 1724 select.
355 1664 434 1736 epist·
446 1681 474 1734 p.
488 1660 550 1718 685.
587 1656 672 1728 Epist.
685 1657 732 1712 lib.
746 1658 766 1710 Ι.
785 1675 814 1728 p·
831 1657 888 1710 1⁵0.
908 1657 964 1725 (ed.
979 1655 1068 1711 Lond.
1084 1656 1131 1713 lib.
1144 1659 1165 1713 Ι.

279 1754 322 1807 ῳ.
340 1735 405 1799 sa).
1216 1719 1283 1793 No.
1302 1717 1414 1794 6057.
1483 1716 1489 1723 ’

1225 1814 1396 1846 Μ

176 1885 386 1986 Magnifice
402 1886 491 1970 uiro,
518 1879 712 1954 nobilitate
729 1881 886 1976 generis,
911 1881 1109 1978 snpientia,
1135 1891 1166 1951 et

176 1995 304 2067 virtute
334 1986 560 2090 praestanti,
604 1981 894 2055 Sebastiano
926 1983 983 2054 ab
1020 1979 1167 2052 Alba.

135 2126 138 2136 ·
174 2121 193 2168 s
198 2095 249 2196 pi
256 2120 331 2179 na,
357 2085 516 2162 Oratori
530 2083 664 2182 inclyti
678 2079 797 2180 Regis
813 2079 1001 2155 Franciae
1018 2086 1057 2154 in
1073 2082 1166 2154 aula

240 2194 483 2294 Imperatoris
496 2200 557 2264 etc.
571 2184 739 2259 Patrono
751 2211 819 2258 suo
834 2183 983 2258 colendo
999 2187 1035 2259 S.
1054 2186 1098 2260 D.

1336 2033 1340 2037 ἱ
1537 1919 1603 2006 lo.
1627 1919 1891 2005 Mattdesio.

1288 2095 1372 2168 Epist.
1386 2097 1432 2152 lib.
1447 2097 1479 2153 ll.
1494 2116 1521 2169 p.
1535 2099 1578 2151 st.
1597 2099 1652 2165 (ed.
1666 2096 1751 2152 bend.
1767 2096 1810 2149 lib.
1824 2095 1858 2147 ll.
1873 2111 1914 2164 ep.
1925 2093 1992 2149 ild.

1421 2268 1474 2340 D.
1507 2266 1715 2341 Iohanni
1740 2220 2002 2341 Mattdesio

1218 2424 1267 2512 S.
1290 2434 1334 2509 D.
1386 2433 1594 2507 Reverende
1618 2437 1672 2506 vir
1694 2450 1727 2505 et
1748 2429 1952 2506 charissime
1976 2437 2106 2521 frater,
2143 2433 2223 2506 No·

1219 2555 1289 2610 stra
1305 2538 1481 2630 colloquia
1499 2539 1580 2606 volo
1599 2561 1671 2608 esse
1697 2562 1769 2606 uon
1789 2539 1903 2607 solum
1928 2534 2088 2629 privatae
2106 2540 2219 2607 bene-

1219 2640 1393 2713 volentiae
1417 2641 1632 2709 testimonia:
1681 2642 1738 2708 sed
1769 2639 2023 2730 multomagis
2047 2640 2220 2730 publicae

176 2338 240 2424 Ne
264 2347 340 2417 fieri
365 2343 509 2438 quidem
529 2352 665 2430 potest,
691 2338 778 2430 quin
796 2335 990 2404 mediocres
1005 2330 1167 2404 homines

178 2456 356 2523 intuentes
386 2458 519 2516 tantam
547 2442 684 2531 generis
715 2432 863 2508 humani
888 2436 1168 2529 dissipationem,

176 2576 306 2644 magno
321 2546 498 2618 indolere
512 2544 595 2628 sint,
621 2543 682 2610 sed
699 2553 817 2610 tamen
833 2539 967 2610 lenitur
981 2539 1167 2621 moestitia,

178 2680 257 2726 cum
274 2652 429 2745 aliquam
444 2643 638 2716 Ecclesiam
652 2641 718 2712 Dei
737 2655 771 2711 et
788 2656 876 2724 esse,
902 2652 937 2710 et
959 2642 1090 2710 servari
1109 2638 1167 2708 di-

173 2757 313 2825 vinitus
327 2751 529 2843 cogitamus.
571 2745 610 2813 ln
627 2769 696 2838 qua
713 2766 851 2813 necesse
868 2756 919 2811 est
936 2765 1008 2812 esse
1025 2743 1169 2826 multos,

178 2881 331 2952 quorum
351 2865 465 2923 rectae
490 2862 573 2918 sunt
598 2848 814 2929 voluntates,
849 2845 960 2936 etqui
983 2844 1165 2913 doctrina·

178 2985 258 3030 rum
275 2956 391 3026 studia
408 2953 547 3031 colunt,
573 2963 607 3017 et
625 2947 909 3015 coniunctionem
927 2960 1058 3014 amant.
1096 2944 1168 3014 lta-

1219 2742 1496 2815 coniunctionis:
1524 2755 1558 2811 et
1575 2741 1612 2809 in
1621 2736 1776 2811 Ecclesia
1792 2745 1890 2813 decet
1904 2766 1968 2811 nos
1982 2743 2219 2812 coniunctio-

1220 2870 1300 2914 nem
1327 2845 1511 2912 osteudere
1538 2856 1683 2934 propter
1706 2845 1835 2912 multas
1856 2868 1977 2912 causas
2003 2840 2220 2912 honestissi-

1219 2972 1303 3016 mas.
1356 2948 1476 3033 Quare
1490 2946 1691 3015 assiduitate
1707 2960 1764 3015 tua
1780 2944 1816 3012 iu
1836 2947 2023 3014 scribendo
2042 2947 2218 3031 delector,

179 3084 249 3153 que
265 3057 368 3124 valde
385 3054 575 3122 delectatus
599 3074 675 3117 suru
693 3049 851 3116 oratione
871 3044 1028 3114 Huberti
1043 3046 1168 3126 uestri,
1221 3065 1254 3120 et
1269 3045 1373 3141 αὐτῷ
1392 3051 1446 3117 τῶ
1459 3043 1603 3141 piapen,
1632 3062 1672 3116 ut
1693 3048 1730 3114 in
1746 3041 1909 3116 Hesiodo
1926 3064 1995 3132 ess,
2021 3050 2116 3117 tueri
2135 3049 2217 3116 offi.

180 3182 285 3254 quem
310 3158 380 3225 scio
398 3175 470 3221 esse
492 3152 608 3218 virum
636 3151 860 3236 prudentem,
888 3148 1085 3230 eruditum,
1111 3147 1168 3212 in·
1220 3152 1313 3218 rium
1331 3151 1465 3231 studeo,
1484 3149 1547 3216 etsi
1564 3149 1718 3237 profecto
1735 3148 1917 3218 laboribus
1933 3151 2077 3220 obruor.
2105 3147 2215 3220 Nunc

181 3275 329 3349 tegrum,
354 3270 388 3326 et
403 3253 683 3323 considerantem
700 3271 921 3316 communem
937 3249 1059 3326 vitam,
1087 3271 1167 3316 cum
1220 3253 1350 3319 adsunt
1377 3274 1417 3317 ex
1437 3242 1618 3334 Paionia,
1652 3251 1711 3343 qui
1742 3251 1899 3341 flagitant
1928 3253 2084 3341 exempla
2109 3275 2210 3318 meae
2256 3264 2260 3276 '

178 3357 268 3432 mihi
293 3369 470 3439 narraret,
499 3368 533 3423 te
557 3352 733 3440 sapienter
761 3350 916 3418 iudicare
939 3351 982 3418 de
1002 3349 1169 3419 omnibus
1220 3352 1450 3423 consessionis
1465 3367 1498 3420 et
1514 3352 1591 3419 alia.
1625 3349 1750 3440 Cogito
1765 3354 1869 3422 etiam
1889 3346 2208 3445 Illyricorespon-

181 3467 272 3535 vitae
297 3460 440 3536 officiis,
476 3471 508 3524 et
533 3454 712 3523 doctrinas
743 3451 954 3540 intelligere,
989 3467 1021 3519 et
1046 3475 1166 3519 earum
1221 3457 1322 3534 dere,
1350 3479 1428 3523 eum
1454 3478 1528 3521 uou
1552 3452 1658 3523 faciat
1680 3455 2150 3547 lruechalumuiarutiipse,
2176 3467 2213 3521 et

179 3565 377 3635 cultoribus
395 3563 482 3645 bene
502 3557 601 3629 velle.
654 3553 736 3622 Fuit
752 3566 867 3620 autem
884 3571 1082 3643 pergratum
1102 3555 1169 3625 mir
1221 3561 1296 3624 eius
1325 3547 1561 3649 παραστάτης
1592 3555 1646 3623 vel
1677 3555 1879 3625 emissarius
1893 3549 1941 3649 *).
2003 3554 2120 3624 Mino·
2144 3553 2211 3624 tibi

181 3663 239 3750 bi,
267 3666 360 3756 quod
387 3661 601 3749 singularem
626 3679 697 3724 esse
719 3669 813 3723 tuam
835 3679 914 3743 erga
939 3679 992 3722 me
1015 3657 1169 3722 benevo-
1222 3657 1374 3749 pagellas
1403 3680 1490 3749 quas
1519 3657 1591 3725 seio
1617 3658 1718 3726 vohis
1748 3657 1924 3726 dulciores
1954 3681 2028 3727 esse
2061 3656 2215 3726 lectione

179 3769 323 3839 lentiam
351 3760 660 3834 commemorabat.
717 3755 807 3825 Dedi
836 3757 943 3844 igitur
968 3752 1085 3825 isthuc
1112 3780 1171 3824 re·
1220 3755 1529 3852 sycophantiarum
1546 3750 1831 3832 Flauianarum.
1880 3758 1976 3846 Quid
1995 3759 2139 3826 dulcius
2156 3786 2213 3826 co-

179 3869 301 3951 deunti
323 3862 413 3935 haec
429 3862 631 3953 epistolam,
653 3873 687 3928 et
704 3871 744 3928 ut
757 3853 921 3925 Habente
934 3858 1032 3928 testis
1047 3882 1168 3941 essem,
1220 3861 1323 3949 gitari
1349 3873 1462 3951 potest
1484 3856 1643 3930 Eusebii
1667 3862 1841 3930 sententia
1864 3886 1969 3952 quam
1999 3862 2104 3929 mitto
2123 3855 2214 3951 *')?

179 3973 296 4040 desua
312 3990 391 4056 erga
407 3980 440 4034 te
454 3965 647 4044 voluntate,
662 3974 697 4029 et
711 3961 977 4029 utostenderem
992 3959 1168 4047 signitica-
1220 3963 1377 4033 Salutem
1409 3963 1510 4032 vobis
1541 3963 1709 4032 omnibus
1736 3975 1831 4053 opto.
1881 3960 1979 4030 Bene
2004 3963 2094 4033 vale.
2147 3962 2213 4030 Die

178 4073 312 4142 tionem
331 4068 419 4158 grati
439 4089 519 4154 erga
537 4077 570 4132 te
587 4061 708 4130 animi.
759 4058 850 4129 Cum
871 4076 986 4129 autem
1005 4062 1170 4146 sciamus,
1221 4088 1291 4154 quo
1308 4064 1505 4133 celebratur
1527 4065 1694 4133 memoria
1712 4058 1932 4156 Augustini,
1961 4088 2066 4156 quem
2091 4064 2213 4131 iudico

177 4172 383 4264 praesertim
406 4170 443 4237 in
467 4162 532 4235 hac
547 4165 671 4235 ultima
694 4176 829 4231 senecta
849 4162 993 4244 mundi,
1019 4161 1169 4229 maiores
1219 4165 1327 4235 luisse
1354 4164 1477 4234 utilem
1503 4163 1712 4251 Ductorem,
1754 4165 1930 4259 quivixit
1958 4189 2072 4234 anuos
2097 4162 2150 4234 76
2183 4177 2214 4231 et

178 4276 256 4343 fore
279 4286 313 4340 et
340 4270 593 4361 lmperiorum,
626 4280 659 4335 et
684 4260 920 4332 Ecclesiarum
945 4263 1170 4331 dilaceratio·
1220 4280 1380 4335 mortuus
1402 4279 1454 4335 est
1473 4291 1567 4336 anno
1586 4292 1603 4335 a
1623 4268 1730 4338 natali
1747 4263 1878 4337 Christi
1895 4265 1980 4340 430,
1995 4290 2120 4336 mense
2139 4263 2215 4335 Au.

180 4397 261 4454 nes,
298 4396 403 4466 quarn
428 4370 560 4438 trierim
584 4383 703 4447 antea,
738 4367 914 4456 sapienter
938 4361 1023 4434 haec
1049 4364 1168 4434 fatalia
1220 4384 1339 4458 gusto,
1374 4392 1453 4437 cum
1473 4364 1725 4463 Hieronymus
1748 4369 1920 4438 decennio
1943 4383 2025 4438 ante
2048 4385 2215 4438 mortuus

179 4478 269 4546 mala
289 4477 462 4548 seramus,
487 4487 520 4538 et
537 4494 601 4539 suo
618 4471 694 4538 loco
714 4468 845 4556 singuli
870 4461 1026 4536 honestis
1041 4466 1168 4536 studiis
1220 4484 1309 4540 esset
1323 4493 1441 4539 meuse
1458 4469 1608 4553 Martio,
1634 4495 1728 4539 anno
1748 4470 1868 4539 aeuus
1884 4494 1967 4539 suae
1982 4472 2216 4559 nonagesimo

180 4578 406 4669 opitulemur.
465 4568 541 4640 Hac
566 4594 602 4638 re
627 4571 710 4662 quid
744 4570 819 4638 heri
844 4569 970 4637 melius
995 4582 1108 4660 potest
1130 4567 1167 4635 in
1220 4572 1354 4662 primo,
1380 4570 1646 4643 Annoanatali
1666 4568 1799 4643 Christi
1819 4571 1905 4644 420.

180 4680 286 4746 tantis
309 4676 460 4747 miseriis
484 4669 674 4742 humanis?
713 4670 767 4740 De
787 4695 843 4738 me
864 4694 947 4740 vero
963 4670 1030 4740 tibi
1054 4684 1088 4739 et
1105 4673 1167 4740 de·
1932 4662 1936 4667 “

179 4782 262 4858 beo,
300 4795 332 4847 et
354 4775 465 4848 habeo
492 4774 660 4866 gratiam,
702 4774 796 4864 quod
824 4797 878 4841 me
905 4797 1046 4866 quoque
1074 4773 1170 4841 inter

180 4884 363 4951 literarum
392 4881 546 4948 cultores
579 4875 828 4964 complecteris.
887 4873 1024 4943 Poteris
1051 4888 1166 4941 atatem

179 4982 357 5076 praeclare
380 4977 465 5048 mihi
486 4977 765 5048 benevolentiam
787 4990 883 5046 tuam
897 4977 1100 5056 ostendere,
1127 4975 1169 5060 si,

177 5108 258 5155 cum
274 5077 476 5153 Hubertum
501 5081 705 5169 gravissimo
732 5079 862 5148 iudicio
886 5077 1089 5168 complexus
1111 5077 1168 5161 sis,
1219 5133 1222 5138 .

177 5212 252 5256 mea
269 5210 372 5255 causa
390 5184 494 5251 etiam
513 5183 619 5266 magis
636 5182 761 5269 diliges
777 5194 881 5272 atque
898 5179 1054 5247 ornabis.
1083 5176 1167 5250 Fuit

176 5311 289 5358 asinos
315 5288 447 5379 aliquot
473 5280 646 5363 amicitia,
677 5297 712 5352 et
732 5282 861 5350 deinde
885 5281 1107 5351 familiaritas
1131 5281 1164 5348 ei
1200 5290 1213 5301 '‘

176 5414 333 5474 mecum,
363 5404 396 5458 et
413 5411 485 5481 quo
501 5381 635 5451 diutius
652 5385 897 5472 prudentiam,
923 5396 957 5453 et
971 5384 1077 5453 fidem
1090 5383 1166 5454 eins

1223 4760 1451 4777 W

1254 4883 1287 4955 s)
1307 4880 1412 4934 aaran..

1253 4986 1301 5052 ¹⁸⁴¹)
1322 4983 1432 5053 Legitur
1448 4980 1493 5035 ille
1508 4980 1586 5035 loeus
1599 4980 1707 5036 Eusebii
1727 4999 1789 5034 cum
1806 4984 1932 5038 versione
1948 4981 2029 5035 latins
2051 4978 2082 5035 in
2102 4982 2228 5054 Scriptis

1288 5052 1362 5125 publ.
1382 5051 1414 5108 T.
1432 5051 1464 5107 ll.
1484 5051 1524 5106 lit.
1540 5050 1592 5107 Ee.
1604 5052 1629 5105 5.
